%YAML 1.1
%TAG !u! tag:unity3d.com,2011:
--- !u!1 &1322741606137037214
GameObject:
  m_ObjectHideFlags: 0
  m_CorrespondingSourceObject: {fileID: 0}
  m_PrefabInstance: {fileID: 0}
  m_PrefabAsset: {fileID: 0}
  serializedVersion: 6
  m_Component:
  - component: {fileID: 224432512712676096}
  - component: {fileID: 8059504407343342524}
  m_Layer: 0
  m_Name: Client_7_IO
  m_TagString: Untagged
  m_Icon: {fileID: 0}
  m_NavMeshLayer: 0
  m_StaticEditorFlags: 0
  m_IsActive: 1
--- !u!4 &224432512712676096
Transform:
  m_ObjectHideFlags: 0
  m_CorrespondingSourceObject: {fileID: 0}
  m_PrefabInstance: {fileID: 0}
  m_PrefabAsset: {fileID: 0}
  m_GameObject: {fileID: 1322741606137037214}
  m_LocalRotation: {x: -0, y: -0, z: -0, w: 1}
  m_LocalPosition: {x: 0, y: 0, z: 0}
  m_LocalScale: {x: 1, y: 1, z: 1}
  m_ConstrainProportionsScale: 0
  m_Children: []
  m_Father: {fileID: 3455663728210831516}
  m_RootOrder: 3
  m_LocalEulerAnglesHint: {x: 0, y: 0, z: 0}
--- !u!114 &8059504407343342524
MonoBehaviour:
  m_ObjectHideFlags: 0
  m_CorrespondingSourceObject: {fileID: 0}
  m_PrefabInstance: {fileID: 0}
  m_PrefabAsset: {fileID: 0}
  m_GameObject: {fileID: 1322741606137037214}
  m_Enabled: 1
  m_EditorHideFlags: 0
  m_Script: {fileID: 11500000, guid: d5a7a12054006f840a70cafeb9250395, type: 3}
  m_Name: 
  m_EditorClassIdentifier: 
  NPCId: Client_7
  GizmoSizeMultiplier: 1
  TeleportToRootOnInteract: 1
  UseRootRotationOnInteract: 0
  PlayTeleportFx: 0
  ExitPosition: {fileID: 0}
  OnInteractionStart:
    m_PersistentCalls:
      m_Calls: []
  OnInteractionEnd:
    m_PersistentCalls:
      m_Calls: []
  InteractionStartAnimationTrigger: 
  InteractionMovingAnimationTrigger: 
  InteractAnimationBoolParam: 
  isOccupied: 0
  interactionTime: 10
  UsePreview: 0
  PreviewObject: {fileID: 0}
  PreviewAnimation: {fileID: 0}
  animationPosition: 0
--- !u!1 &1356453947551529742
GameObject:
  m_ObjectHideFlags: 0
  m_CorrespondingSourceObject: {fileID: 0}
  m_PrefabInstance: {fileID: 0}
  m_PrefabAsset: {fileID: 0}
  serializedVersion: 6
  m_Component:
  - component: {fileID: 3455663728210831516}
  - component: {fileID: 6791914626864905461}
  - component: {fileID: 8952375491752029862}
  - component: {fileID: 9124698792161924602}
  - component: {fileID: 2678432744037328693}
  m_Layer: 0
  m_Name: R3_shower_plumber_getting_zone
  m_TagString: Untagged
  m_Icon: {fileID: 0}
  m_NavMeshLayer: 0
  m_StaticEditorFlags: 0
  m_IsActive: 1
--- !u!4 &3455663728210831516
Transform:
  m_ObjectHideFlags: 0
  m_CorrespondingSourceObject: {fileID: 0}
  m_PrefabInstance: {fileID: 0}
  m_PrefabAsset: {fileID: 0}
  m_GameObject: {fileID: 1356453947551529742}
  m_LocalRotation: {x: 0, y: 0, z: 0, w: 1}
  m_LocalPosition: {x: 0, y: 0, z: 0}
  m_LocalScale: {x: 1, y: 1, z: 1}
  m_ConstrainProportionsScale: 0
  m_Children:
  - {fileID: 2611163917196158437}
  - {fileID: 2515970456688826727}
  - {fileID: 2254974787586811863}
  - {fileID: 224432512712676096}
  m_Father: {fileID: 3549114400720134387}
  m_RootOrder: 1
  m_LocalEulerAnglesHint: {x: 0, y: 0, z: 0}
--- !u!114 &6791914626864905461
MonoBehaviour:
  m_ObjectHideFlags: 0
  m_CorrespondingSourceObject: {fileID: 0}
  m_PrefabInstance: {fileID: 0}
  m_PrefabAsset: {fileID: 0}
  m_GameObject: {fileID: 1356453947551529742}
  m_Enabled: 1
  m_EditorHideFlags: 0
  m_Script: {fileID: 11500000, guid: e71f234bd5cf44fc851ef10fe90de8a9, type: 3}
  m_Name: 
  m_EditorClassIdentifier: 
  _capacity: 0
  _currentAmount: 0
  isEndlessResources: 0
  OnAmountChanged: []
  _progressBar: {fileID: 0}
  _digitsAfterPointInNumbers: 0
  _alwaysShow: 1
  _progressBarShowTime: 0
  percentToShowCollectButton: 0
  onCollectingAvailable:
    m_PersistentCalls:
      m_Calls: []
  onResourceCollected:
    m_PersistentCalls:
      m_Calls: []
  collectSpawnPoint: {fileID: 0}
--- !u!114 &8952375491752029862
MonoBehaviour:
  m_ObjectHideFlags: 0
  m_CorrespondingSourceObject: {fileID: 0}
  m_PrefabInstance: {fileID: 0}
  m_PrefabAsset: {fileID: 0}
  m_GameObject: {fileID: 1356453947551529742}
  m_Enabled: 1
  m_EditorHideFlags: 0
  m_Script: {fileID: 11500000, guid: 85778848c055488b906b87cb0a688f5b, type: 3}
  m_Name: 
  m_EditorClassIdentifier: 
  addToServiceOnStart: 0
  _id: R3_shower_plumber_getting_zone
  _interactableObjects:
  - {fileID: 1187659513973004578}
  _service: {fileID: 11400000, guid: 85cf39e39f7a1d245a700f2919700cd4, type: 2}
  isBooked: 0
  isActivated: 0
  animator: {fileID: 0}
  isMaxAmountOnStart: 0
  _resourceLevel: 0
  _popUpWorldIconsScheme: {fileID: 11400000, guid: 27f9eb841a1636444b95bd99b8c2c9ad, type: 2}
  _save:
    ID: 
    Level: 0
    CurrentAmount: 0
  doWorkEventDelay: 1
  doWorkEvent:
    m_PersistentCalls:
      m_Calls: []
--- !u!114 &9124698792161924602
MonoBehaviour:
  m_ObjectHideFlags: 0
  m_CorrespondingSourceObject: {fileID: 0}
  m_PrefabInstance: {fileID: 0}
  m_PrefabAsset: {fileID: 0}
  m_GameObject: {fileID: 1356453947551529742}
  m_Enabled: 1
  m_EditorHideFlags: 0
  m_Script: {fileID: 11500000, guid: 0195ba30b51b0dd4e9245236a7f9e8b0, type: 3}
  m_Name: 
  m_EditorClassIdentifier: 
  _transferFrom: {fileID: 0}
  _transferTo: {fileID: 0}
  fillFullStorage: 1
--- !u!114 &2678432744037328693
MonoBehaviour:
  m_ObjectHideFlags: 0
  m_CorrespondingSourceObject: {fileID: 0}
  m_PrefabInstance: {fileID: 0}
  m_PrefabAsset: {fileID: 0}
  m_GameObject: {fileID: 1356453947551529742}
  m_Enabled: 1
  m_EditorHideFlags: 0
  m_Script: {fileID: 11500000, guid: 5e40b8932b2670241a24b34350a40c20, type: 3}
  m_Name: 
  m_EditorClassIdentifier: 
  addToServiceOnStart: 1
  _id: R3_shower_client_spending_zone
  _interactableObjects:
  - {fileID: 8059504407343342524}
  _service: {fileID: 11400000, guid: 49eb1c62f767c96429d8a3b495539766, type: 2}
  isBooked: 0
  isActivated: 0
  _spendingMultiplier: 1
  _popUpWorldIconsScheme: {fileID: 11400000, guid: 8cde5ed4df2581e49995d75e38f8eb85, type: 2}
  requirements: {fileID: 11400000, guid: 44438207fc19d914f853c90b5a9cbcc5, type: 2}
  requirementType: Clean
  zoneLevel: 0
--- !u!1 &2734660212308674546
GameObject:
  m_ObjectHideFlags: 0
  m_CorrespondingSourceObject: {fileID: 0}
  m_PrefabInstance: {fileID: 0}
  m_PrefabAsset: {fileID: 0}
  serializedVersion: 6
  m_Component:
  - component: {fileID: 9040140198436921515}
  - component: {fileID: 7090311695941878628}
  m_Layer: 0
  m_Name: Plumber_2_IO
  m_TagString: Untagged
  m_Icon: {fileID: 0}
  m_NavMeshLayer: 0
  m_StaticEditorFlags: 0
  m_IsActive: 1
--- !u!4 &9040140198436921515
Transform:
  m_ObjectHideFlags: 0
  m_CorrespondingSourceObject: {fileID: 0}
  m_PrefabInstance: {fileID: 0}
  m_PrefabAsset: {fileID: 0}
  m_GameObject: {fileID: 2734660212308674546}
  m_LocalRotation: {x: -0, y: -0, z: -0, w: 1}
  m_LocalPosition: {x: 0, y: 0, z: 0}
  m_LocalScale: {x: 1, y: 1, z: 1}
  m_ConstrainProportionsScale: 0
  m_Children: []
  m_Father: {fileID: 2515970456688826727}
  m_RootOrder: 0
  m_LocalEulerAnglesHint: {x: 0, y: 0, z: 0}
--- !u!114 &7090311695941878628
MonoBehaviour:
  m_ObjectHideFlags: 0
  m_CorrespondingSourceObject: {fileID: 0}
  m_PrefabInstance: {fileID: 0}
  m_PrefabAsset: {fileID: 0}
  m_GameObject: {fileID: 2734660212308674546}
  m_Enabled: 1
  m_EditorHideFlags: 0
  m_Script: {fileID: 11500000, guid: d5a7a12054006f840a70cafeb9250395, type: 3}
  m_Name: 
  m_EditorClassIdentifier: 
  NPCId: Plumber_2
  GizmoSizeMultiplier: 1
  TeleportToRootOnInteract: 1
  UseRootRotationOnInteract: 0
  PlayTeleportFx: 0
  ExitPosition: {fileID: 0}
  OnInteractionStart:
    m_PersistentCalls:
      m_Calls: []
  OnInteractionEnd:
    m_PersistentCalls:
      m_Calls: []
  InteractionStartAnimationTrigger: 
  InteractionMovingAnimationTrigger: 
  InteractAnimationBoolParam: 
  isOccupied: 0
  interactionTime: 10
  UsePreview: 0
  PreviewObject: {fileID: 0}
  PreviewAnimation: {fileID: 0}
  animationPosition: 0
--- !u!1 &2788543774618134819
GameObject:
  m_ObjectHideFlags: 0
  m_CorrespondingSourceObject: {fileID: 0}
  m_PrefabInstance: {fileID: 0}
  m_PrefabAsset: {fileID: 0}
  serializedVersion: 6
  m_Component:
  - component: {fileID: 3549114400720134387}
  - component: {fileID: 4288233242214079118}
  - component: {fileID: 191658071426688923}
  - component: {fileID: 3300087476723646164}
  m_Layer: 0
  m_Name: R3_shower
  m_TagString: Untagged
  m_Icon: {fileID: 0}
  m_NavMeshLayer: 0
  m_StaticEditorFlags: 0
  m_IsActive: 1
--- !u!4 &3549114400720134387
Transform:
  m_ObjectHideFlags: 0
  m_CorrespondingSourceObject: {fileID: 0}
  m_PrefabInstance: {fileID: 0}
  m_PrefabAsset: {fileID: 0}
  m_GameObject: {fileID: 2788543774618134819}
  m_LocalRotation: {x: 0, y: 0, z: 0, w: 1}
  m_LocalPosition: {x: 3.05, y: -0.0042563677, z: 7.1499996}
  m_LocalScale: {x: 1, y: 1, z: 1}
  m_ConstrainProportionsScale: 0
  m_Children:
  - {fileID: 1002812773746334587}
  - {fileID: 3455663728210831516}
  - {fileID: 272550164856361801}
  m_Father: {fileID: 0}
  m_RootOrder: 0
  m_LocalEulerAnglesHint: {x: 0, y: 0, z: 0}
--- !u!114 &4288233242214079118
MonoBehaviour:
  m_ObjectHideFlags: 0
  m_CorrespondingSourceObject: {fileID: 0}
  m_PrefabInstance: {fileID: 0}
  m_PrefabAsset: {fileID: 0}
  m_GameObject: {fileID: 2788543774618134819}
  m_Enabled: 1
  m_EditorHideFlags: 0
  m_Script: {fileID: 11500000, guid: 023ff7a1f86a4a144a0d7676da711ef1, type: 3}
  m_Name: 
  m_EditorClassIdentifier: 
  cameraOrtoSize: 8
--- !u!114 &191658071426688923
MonoBehaviour:
  m_ObjectHideFlags: 0
  m_CorrespondingSourceObject: {fileID: 0}
  m_PrefabInstance: {fileID: 0}
  m_PrefabAsset: {fileID: 0}
  m_GameObject: {fileID: 2788543774618134819}
  m_Enabled: 1
  m_EditorHideFlags: 0
  m_Script: {fileID: 11500000, guid: 44a0512badd6d7e408e032009ef853ac, type: 3}
  m_Name: 
  m_EditorClassIdentifier: 
  addToServiceOnStart: 1
  _id: R3_shower
  _interactableObjects:
  - {fileID: 7637748413035585849}
  - {fileID: 1187659513973004578}
  _service: {fileID: 11400000, guid: 85cf39e39f7a1d245a700f2919700cd4, type: 2}
  isBooked: 0
  isActivated: 0
  _stats:
    Level: 0
    ResourcesCapacity: 0
    UpgradeTime: 0
    UpgradePriceCoins: 0
    StatPleasure: 0
    UpgradePriceRedGems: 0
    UpgradePriceGreenGems: 0
    UpgradePriceBlueGems: 0
  _cameraTarget: {fileID: 4288233242214079118}
  _storage: {fileID: 0}
  workingZones:
  - {fileID: 8952375491752029862}
  - {fileID: 3711999092038051455}
  - {fileID: 2245364281846802927}
  onActivated:
    m_PersistentCalls:
      m_Calls:
      - m_Target: {fileID: 6094794176818033238}
        m_TargetAssemblyTypeName: UnityEngine.ParticleSystem, UnityEngine
        m_MethodName: Play
        m_Mode: 1
        m_Arguments:
          m_ObjectArgument: {fileID: 0}
          m_ObjectArgumentAssemblyTypeName: UnityEngine.Object, UnityEngine
          m_IntArgument: 0
          m_FloatArgument: 0
          m_StringArgument: 
          m_BoolArgument: 0
        m_CallState: 2
  onUpgraded:
    m_PersistentCalls:
      m_Calls:
      - m_Target: {fileID: 6094794176818033238}
        m_TargetAssemblyTypeName: UnityEngine.ParticleSystem, UnityEngine
        m_MethodName: Play
        m_Mode: 1
        m_Arguments:
          m_ObjectArgument: {fileID: 0}
          m_ObjectArgumentAssemblyTypeName: UnityEngine.Object, UnityEngine
          m_IntArgument: 0
          m_FloatArgument: 0
          m_StringArgument: 
          m_BoolArgument: 0
        m_CallState: 2
  _materialChanger: {fileID: 0}
  _resourceLevel: 0
  showAtServiceMenu: 1
--- !u!114 &3300087476723646164
MonoBehaviour:
  m_ObjectHideFlags: 0
  m_CorrespondingSourceObject: {fileID: 0}
  m_PrefabInstance: {fileID: 0}
  m_PrefabAsset: {fileID: 0}
  m_GameObject: {fileID: 2788543774618134819}
  m_Enabled: 1
  m_EditorHideFlags: 0
  m_Script: {fileID: 11500000, guid: f8ae9a2493d8d47419a48b5abeeaa075, type: 3}
  m_Name: 
  m_EditorClassIdentifier: 
  needToHideObjects: 0
  graphicsContainer:
  - {fileID: 6527302253138026077}
  - {fileID: 2612459958338638776}
  - {fileID: 4023575514667151284}
  - {fileID: 8298428895669249556}
  - {fileID: 4079857785512267828}
  - {fileID: 6373540722098518959}
  - {fileID: 3462296466462597763}
  - {fileID: 5499555113219886934}
  - {fileID: 7902819368570883821}
  - {fileID: 4718286563721350749}
  OnBuildingSelect:
    m_PersistentCalls:
      m_Calls: []
  OnBuildingDeselect:
    m_PersistentCalls:
      m_Calls: []
  currentLevelProp: {fileID: 0}
  _propsBehaviour: {fileID: 0}
--- !u!1 &5288843402399823380
GameObject:
  m_ObjectHideFlags: 0
  m_CorrespondingSourceObject: {fileID: 0}
  m_PrefabInstance: {fileID: 0}
  m_PrefabAsset: {fileID: 0}
  serializedVersion: 6
  m_Component:
  - component: {fileID: 2254974787586811863}
  - component: {fileID: 1187659513973004578}
  m_Layer: 0
  m_Name: Plumber_2_IO
  m_TagString: Untagged
  m_Icon: {fileID: 0}
  m_NavMeshLayer: 0
  m_StaticEditorFlags: 0
  m_IsActive: 1
--- !u!4 &2254974787586811863
Transform:
  m_ObjectHideFlags: 0
  m_CorrespondingSourceObject: {fileID: 0}
  m_PrefabInstance: {fileID: 0}
  m_PrefabAsset: {fileID: 0}
  m_GameObject: {fileID: 5288843402399823380}
  m_LocalRotation: {x: -0, y: -0, z: -0, w: 1}
  m_LocalPosition: {x: 0, y: 0, z: 0}
  m_LocalScale: {x: 1, y: 1, z: 1}
  m_ConstrainProportionsScale: 0
  m_Children: []
  m_Father: {fileID: 3455663728210831516}
  m_RootOrder: 2
  m_LocalEulerAnglesHint: {x: 0, y: 0, z: 0}
--- !u!114 &1187659513973004578
MonoBehaviour:
  m_ObjectHideFlags: 0
  m_CorrespondingSourceObject: {fileID: 0}
  m_PrefabInstance: {fileID: 0}
  m_PrefabAsset: {fileID: 0}
  m_GameObject: {fileID: 5288843402399823380}
  m_Enabled: 1
  m_EditorHideFlags: 0
  m_Script: {fileID: 11500000, guid: d5a7a12054006f840a70cafeb9250395, type: 3}
  m_Name: 
  m_EditorClassIdentifier: 
  NPCId: Plumber_2
  GizmoSizeMultiplier: 1
  TeleportToRootOnInteract: 1
  UseRootRotationOnInteract: 0
  PlayTeleportFx: 0
  ExitPosition: {fileID: 0}
  OnInteractionStart:
    m_PersistentCalls:
      m_Calls: []
  OnInteractionEnd:
    m_PersistentCalls:
      m_Calls: []
  InteractionStartAnimationTrigger: 
  InteractionMovingAnimationTrigger: 
  InteractAnimationBoolParam: 
  isOccupied: 0
  interactionTime: 10
  UsePreview: 0
  PreviewObject: {fileID: 0}
  PreviewAnimation: {fileID: 0}
  animationPosition: 0
--- !u!1 &5686066722466151693
GameObject:
  m_ObjectHideFlags: 0
  m_CorrespondingSourceObject: {fileID: 0}
  m_PrefabInstance: {fileID: 0}
  m_PrefabAsset: {fileID: 0}
  serializedVersion: 6
  m_Component:
  - component: {fileID: 2611163917196158437}
  - component: {fileID: 5478180086942511805}
  - component: {fileID: 3711999092038051455}
  m_Layer: 0
  m_Name: R3_shower_client_getting_zone
  m_TagString: Untagged
  m_Icon: {fileID: 0}
  m_NavMeshLayer: 0
  m_StaticEditorFlags: 0
  m_IsActive: 1
--- !u!4 &2611163917196158437
Transform:
  m_ObjectHideFlags: 0
  m_CorrespondingSourceObject: {fileID: 0}
  m_PrefabInstance: {fileID: 0}
  m_PrefabAsset: {fileID: 0}
  m_GameObject: {fileID: 5686066722466151693}
  m_LocalRotation: {x: 0, y: 0, z: 0, w: 1}
  m_LocalPosition: {x: 0, y: 0, z: 0}
  m_LocalScale: {x: 1, y: 1, z: 1}
  m_ConstrainProportionsScale: 0
  m_Children:
  - {fileID: 1397870131601303185}
  m_Father: {fileID: 3455663728210831516}
  m_RootOrder: 0
  m_LocalEulerAnglesHint: {x: 0, y: 0, z: 0}
--- !u!114 &5478180086942511805
MonoBehaviour:
  m_ObjectHideFlags: 0
  m_CorrespondingSourceObject: {fileID: 0}
  m_PrefabInstance: {fileID: 0}
  m_PrefabAsset: {fileID: 0}
  m_GameObject: {fileID: 5686066722466151693}
  m_Enabled: 1
  m_EditorHideFlags: 0
  m_Script: {fileID: 11500000, guid: e71f234bd5cf44fc851ef10fe90de8a9, type: 3}
  m_Name: 
  m_EditorClassIdentifier: 
  _capacity: 0
  _currentAmount: 0
  isEndlessResources: 0
  OnAmountChanged: []
  _progressBar: {fileID: 0}
  _digitsAfterPointInNumbers: 0
  _alwaysShow: 1
  _progressBarShowTime: 0
  percentToShowCollectButton: 0
  onCollectingAvailable:
    m_PersistentCalls:
      m_Calls: []
  onResourceCollected:
    m_PersistentCalls:
      m_Calls: []
  collectSpawnPoint: {fileID: 0}
--- !u!114 &3711999092038051455
MonoBehaviour:
  m_ObjectHideFlags: 0
  m_CorrespondingSourceObject: {fileID: 0}
  m_PrefabInstance: {fileID: 0}
  m_PrefabAsset: {fileID: 0}
  m_GameObject: {fileID: 5686066722466151693}
  m_Enabled: 1
  m_EditorHideFlags: 0
  m_Script: {fileID: 11500000, guid: 85778848c055488b906b87cb0a688f5b, type: 3}
  m_Name: 
  m_EditorClassIdentifier: 
  addToServiceOnStart: 0
  _id: R3_shower_client_getting_zone
  _interactableObjects:
  - {fileID: 7637748413035585849}
  _service: {fileID: 11400000, guid: 539493926fbbe234b92ffc305b07394b, type: 2}
  isBooked: 0
  isActivated: 0
  animator: {fileID: 0}
  isMaxAmountOnStart: 0
  _resourceLevel: 0
  _popUpWorldIconsScheme: {fileID: 11400000, guid: 8cde5ed4df2581e49995d75e38f8eb85, type: 2}
  _save:
    ID: 
    Level: 0
    CurrentAmount: 0
  doWorkEventDelay: 1
  doWorkEvent:
    m_PersistentCalls:
      m_Calls: []
--- !u!1 &7734856242417863022
GameObject:
  m_ObjectHideFlags: 0
  m_CorrespondingSourceObject: {fileID: 0}
  m_PrefabInstance: {fileID: 0}
  m_PrefabAsset: {fileID: 0}
  serializedVersion: 6
  m_Component:
  - component: {fileID: 1397870131601303185}
  - component: {fileID: 7637748413035585849}
  m_Layer: 0
  m_Name: Client_7_IO
  m_TagString: Untagged
  m_Icon: {fileID: 0}
  m_NavMeshLayer: 0
  m_StaticEditorFlags: 0
  m_IsActive: 1
--- !u!4 &1397870131601303185
Transform:
  m_ObjectHideFlags: 0
  m_CorrespondingSourceObject: {fileID: 0}
  m_PrefabInstance: {fileID: 0}
  m_PrefabAsset: {fileID: 0}
  m_GameObject: {fileID: 7734856242417863022}
  m_LocalRotation: {x: -0, y: -0, z: -0, w: 1}
  m_LocalPosition: {x: 0, y: 0, z: 0}
  m_LocalScale: {x: 1, y: 1, z: 1}
  m_ConstrainProportionsScale: 0
  m_Children: []
  m_Father: {fileID: 2611163917196158437}
  m_RootOrder: 0
  m_LocalEulerAnglesHint: {x: 0, y: 0, z: 0}
--- !u!114 &7637748413035585849
MonoBehaviour:
  m_ObjectHideFlags: 0
  m_CorrespondingSourceObject: {fileID: 0}
  m_PrefabInstance: {fileID: 0}
  m_PrefabAsset: {fileID: 0}
  m_GameObject: {fileID: 7734856242417863022}
  m_Enabled: 1
  m_EditorHideFlags: 0
  m_Script: {fileID: 11500000, guid: d5a7a12054006f840a70cafeb9250395, type: 3}
  m_Name: 
  m_EditorClassIdentifier: 
  NPCId: Client_7
  GizmoSizeMultiplier: 1
  TeleportToRootOnInteract: 1
  UseRootRotationOnInteract: 0
  PlayTeleportFx: 0
  ExitPosition: {fileID: 0}
  OnInteractionStart:
    m_PersistentCalls:
      m_Calls: []
  OnInteractionEnd:
    m_PersistentCalls:
      m_Calls: []
  InteractionStartAnimationTrigger: 
  InteractionMovingAnimationTrigger: 
  InteractAnimationBoolParam: 
  isOccupied: 0
  interactionTime: 10
  UsePreview: 0
  PreviewObject: {fileID: 0}
  PreviewAnimation: {fileID: 0}
  animationPosition: 0
--- !u!1 &8306243034170096438
GameObject:
  m_ObjectHideFlags: 0
  m_CorrespondingSourceObject: {fileID: 0}
  m_PrefabInstance: {fileID: 0}
  m_PrefabAsset: {fileID: 0}
  serializedVersion: 6
  m_Component:
  - component: {fileID: 2515970456688826727}
  - component: {fileID: 5006641661821572964}
  - component: {fileID: 2245364281846802927}
  - component: {fileID: 6823192405554330648}
  m_Layer: 0
  m_Name: R3_shower_plumber_spending_zone
  m_TagString: Untagged
  m_Icon: {fileID: 0}
  m_NavMeshLayer: 0
  m_StaticEditorFlags: 0
  m_IsActive: 1
--- !u!4 &2515970456688826727
Transform:
  m_ObjectHideFlags: 0
  m_CorrespondingSourceObject: {fileID: 0}
  m_PrefabInstance: {fileID: 0}
  m_PrefabAsset: {fileID: 0}
  m_GameObject: {fileID: 8306243034170096438}
  m_LocalRotation: {x: 0, y: 0, z: 0, w: 1}
  m_LocalPosition: {x: 0, y: 0, z: 0}
  m_LocalScale: {x: 1, y: 1, z: 1}
  m_ConstrainProportionsScale: 0
  m_Children:
  - {fileID: 9040140198436921515}
  m_Father: {fileID: 3455663728210831516}
  m_RootOrder: 1
  m_LocalEulerAnglesHint: {x: 0, y: 0, z: 0}
--- !u!114 &5006641661821572964
MonoBehaviour:
  m_ObjectHideFlags: 0
  m_CorrespondingSourceObject: {fileID: 0}
  m_PrefabInstance: {fileID: 0}
  m_PrefabAsset: {fileID: 0}
  m_GameObject: {fileID: 8306243034170096438}
  m_Enabled: 1
  m_EditorHideFlags: 0
  m_Script: {fileID: 11500000, guid: e71f234bd5cf44fc851ef10fe90de8a9, type: 3}
  m_Name: 
  m_EditorClassIdentifier: 
  _capacity: 0
  _currentAmount: 0
  isEndlessResources: 0
  OnAmountChanged: []
  _progressBar: {fileID: 0}
  _digitsAfterPointInNumbers: 0
  _alwaysShow: 1
  _progressBarShowTime: 0
  percentToShowCollectButton: 0
  onCollectingAvailable:
    m_PersistentCalls:
      m_Calls: []
  onResourceCollected:
    m_PersistentCalls:
      m_Calls: []
  collectSpawnPoint: {fileID: 0}
--- !u!114 &2245364281846802927
MonoBehaviour:
  m_ObjectHideFlags: 0
  m_CorrespondingSourceObject: {fileID: 0}
  m_PrefabInstance: {fileID: 0}
  m_PrefabAsset: {fileID: 0}
  m_GameObject: {fileID: 8306243034170096438}
  m_Enabled: 1
  m_EditorHideFlags: 0
  m_Script: {fileID: 11500000, guid: cbce59df0d224021b7dcd20ffee48da8, type: 3}
  m_Name: 
  m_EditorClassIdentifier: 
  addToServiceOnStart: 1
  _id: R3_shower_plumber_spending_zone
  _interactableObjects:
  - {fileID: 7090311695941878628}
  _service: {fileID: 11400000, guid: 85cf39e39f7a1d245a700f2919700cd4, type: 2}
  isBooked: 0
  isActivated: 0
  _spendingMultiplier: 1
  _popUpWorldIconsScheme: {fileID: 11400000, guid: 27f9eb841a1636444b95bd99b8c2c9ad, type: 2}
--- !u!114 &6823192405554330648
MonoBehaviour:
  m_ObjectHideFlags: 0
  m_CorrespondingSourceObject: {fileID: 0}
  m_PrefabInstance: {fileID: 0}
  m_PrefabAsset: {fileID: 0}
  m_GameObject: {fileID: 8306243034170096438}
  m_Enabled: 1
  m_EditorHideFlags: 0
  m_Script: {fileID: 11500000, guid: da02665d9f1f464bb14e1c6720b10d49, type: 3}
  m_Name: 
  m_EditorClassIdentifier: 
  _transferFrom: {fileID: 2245364281846802927}
  _transferTo: {fileID: 3711999092038051455}
  _frequency: 0.001
  _multiplier: 1
  onTransferComplete:
    m_PersistentCalls:
      m_Calls: []
  gettingZones: []
--- !u!1001 &747612497210686608
PrefabInstance:
  m_ObjectHideFlags: 0
  serializedVersion: 2
  m_Modification:
    m_TransformParent: {fileID: 3549114400720134387}
    m_Modifications:
    - target: {fileID: -8679921383154817045, guid: f5e40a3293b188742bcfe325c6d999aa, type: 3}
      propertyPath: m_RootOrder
      value: 0
      objectReference: {fileID: 0}
    - target: {fileID: -8679921383154817045, guid: f5e40a3293b188742bcfe325c6d999aa, type: 3}
      propertyPath: m_LocalPosition.x
      value: -0.33
      objectReference: {fileID: 0}
    - target: {fileID: -8679921383154817045, guid: f5e40a3293b188742bcfe325c6d999aa, type: 3}
      propertyPath: m_LocalPosition.y
      value: 0
      objectReference: {fileID: 0}
    - target: {fileID: -8679921383154817045, guid: f5e40a3293b188742bcfe325c6d999aa, type: 3}
      propertyPath: m_LocalPosition.z
      value: 0
      objectReference: {fileID: 0}
    - target: {fileID: -8679921383154817045, guid: f5e40a3293b188742bcfe325c6d999aa, type: 3}
      propertyPath: m_LocalRotation.w
      value: 0
      objectReference: {fileID: 0}
    - target: {fileID: -8679921383154817045, guid: f5e40a3293b188742bcfe325c6d999aa, type: 3}
      propertyPath: m_LocalRotation.x
      value: 0
      objectReference: {fileID: 0}
    - target: {fileID: -8679921383154817045, guid: f5e40a3293b188742bcfe325c6d999aa, type: 3}
      propertyPath: m_LocalRotation.y
      value: 1
      objectReference: {fileID: 0}
    - target: {fileID: -8679921383154817045, guid: f5e40a3293b188742bcfe325c6d999aa, type: 3}
      propertyPath: m_LocalRotation.z
      value: 0
      objectReference: {fileID: 0}
    - target: {fileID: -8679921383154817045, guid: f5e40a3293b188742bcfe325c6d999aa, type: 3}
      propertyPath: m_LocalEulerAnglesHint.x
      value: 0
      objectReference: {fileID: 0}
    - target: {fileID: -8679921383154817045, guid: f5e40a3293b188742bcfe325c6d999aa, type: 3}
      propertyPath: m_LocalEulerAnglesHint.y
      value: 180
      objectReference: {fileID: 0}
    - target: {fileID: -8679921383154817045, guid: f5e40a3293b188742bcfe325c6d999aa, type: 3}
      propertyPath: m_LocalEulerAnglesHint.z
      value: 0
      objectReference: {fileID: 0}
    - target: {fileID: -4776470898962902236, guid: f5e40a3293b188742bcfe325c6d999aa, type: 3}
      propertyPath: m_IsActive
      value: 0
      objectReference: {fileID: 0}
    - target: {fileID: -4165172532841466938, guid: f5e40a3293b188742bcfe325c6d999aa, type: 3}
      propertyPath: m_IsActive
      value: 0
      objectReference: {fileID: 0}
    - target: {fileID: -1743885078643330435, guid: f5e40a3293b188742bcfe325c6d999aa, type: 3}
      propertyPath: m_IsActive
      value: 0
      objectReference: {fileID: 0}
    - target: {fileID: 919132149155446097, guid: f5e40a3293b188742bcfe325c6d999aa, type: 3}
      propertyPath: m_Name
      value: R3_bathroom_showercabin
      objectReference: {fileID: 0}
    - target: {fileID: 3324043447653265192, guid: f5e40a3293b188742bcfe325c6d999aa, type: 3}
      propertyPath: m_IsActive
      value: 0
      objectReference: {fileID: 0}
    - target: {fileID: 3674546491934944420, guid: f5e40a3293b188742bcfe325c6d999aa, type: 3}
      propertyPath: m_IsActive
      value: 0
      objectReference: {fileID: 0}
    - target: {fileID: 4209882482632646163, guid: f5e40a3293b188742bcfe325c6d999aa, type: 3}
      propertyPath: m_IsActive
      value: 0
      objectReference: {fileID: 0}
    - target: {fileID: 5833761624791753421, guid: f5e40a3293b188742bcfe325c6d999aa, type: 3}
      propertyPath: m_IsActive
      value: 0
      objectReference: {fileID: 0}
    - target: {fileID: 5914158826584115007, guid: f5e40a3293b188742bcfe325c6d999aa, type: 3}
      propertyPath: m_IsActive
      value: 0
      objectReference: {fileID: 0}
    - target: {fileID: 8739794212764080772, guid: f5e40a3293b188742bcfe325c6d999aa, type: 3}
      propertyPath: m_IsActive
      value: 0
      objectReference: {fileID: 0}
    m_RemovedComponents: []
  m_SourcePrefab: {fileID: 100100000, guid: f5e40a3293b188742bcfe325c6d999aa, type: 3}
--- !u!4 &1002812773746334587 stripped
Transform:
  m_CorrespondingSourceObject: {fileID: -8679921383154817045, guid: f5e40a3293b188742bcfe325c6d999aa, type: 3}
  m_PrefabInstance: {fileID: 747612497210686608}
  m_PrefabAsset: {fileID: 0}
--- !u!1 &2612459958338638776 stripped
GameObject:
  m_CorrespondingSourceObject: {fileID: 3324043447653265192, guid: f5e40a3293b188742bcfe325c6d999aa, type: 3}
  m_PrefabInstance: {fileID: 747612497210686608}
  m_PrefabAsset: {fileID: 0}
--- !u!1 &3462296466462597763 stripped
GameObject:
  m_CorrespondingSourceObject: {fileID: 4209882482632646163, guid: f5e40a3293b188742bcfe325c6d999aa, type: 3}
  m_PrefabInstance: {fileID: 747612497210686608}
  m_PrefabAsset: {fileID: 0}
--- !u!1 &4023575514667151284 stripped
GameObject:
  m_CorrespondingSourceObject: {fileID: -4776470898962902236, guid: f5e40a3293b188742bcfe325c6d999aa, type: 3}
  m_PrefabInstance: {fileID: 747612497210686608}
  m_PrefabAsset: {fileID: 0}
--- !u!1 &4079857785512267828 stripped
GameObject:
  m_CorrespondingSourceObject: {fileID: 3674546491934944420, guid: f5e40a3293b188742bcfe325c6d999aa, type: 3}
  m_PrefabInstance: {fileID: 747612497210686608}
  m_PrefabAsset: {fileID: 0}
--- !u!1 &4718286563721350749 stripped
GameObject:
  m_CorrespondingSourceObject: {fileID: 5411837169377391309, guid: f5e40a3293b188742bcfe325c6d999aa, type: 3}
  m_PrefabInstance: {fileID: 747612497210686608}
  m_PrefabAsset: {fileID: 0}
--- !u!1 &5499555113219886934 stripped
GameObject:
  m_CorrespondingSourceObject: {fileID: -4165172532841466938, guid: f5e40a3293b188742bcfe325c6d999aa, type: 3}
  m_PrefabInstance: {fileID: 747612497210686608}
  m_PrefabAsset: {fileID: 0}
--- !u!1 &6373540722098518959 stripped
GameObject:
  m_CorrespondingSourceObject: {fileID: 5914158826584115007, guid: f5e40a3293b188742bcfe325c6d999aa, type: 3}
  m_PrefabInstance: {fileID: 747612497210686608}
  m_PrefabAsset: {fileID: 0}
--- !u!1 &6527302253138026077 stripped
GameObject:
  m_CorrespondingSourceObject: {fileID: 5833761624791753421, guid: f5e40a3293b188742bcfe325c6d999aa, type: 3}
  m_PrefabInstance: {fileID: 747612497210686608}
  m_PrefabAsset: {fileID: 0}
--- !u!1 &7902819368570883821 stripped
GameObject:
  m_CorrespondingSourceObject: {fileID: -1743885078643330435, guid: f5e40a3293b188742bcfe325c6d999aa, type: 3}
  m_PrefabInstance: {fileID: 747612497210686608}
  m_PrefabAsset: {fileID: 0}
--- !u!1 &8298428895669249556 stripped
GameObject:
  m_CorrespondingSourceObject: {fileID: 8739794212764080772, guid: f5e40a3293b188742bcfe325c6d999aa, type: 3}
  m_PrefabInstance: {fileID: 747612497210686608}
  m_PrefabAsset: {fileID: 0}
--- !u!1001 &4857110058435816250
PrefabInstance:
  m_ObjectHideFlags: 0
  serializedVersion: 2
  m_Modification:
    m_TransformParent: {fileID: 3549114400720134387}
    m_Modifications:
    - target: {fileID: 3123144177663039270, guid: b10fea7dfaf8b9b448eea8a2d6694772, type: 3}
      propertyPath: InitialModule.startSize.scalar
      value: 6
      objectReference: {fileID: 0}
    - target: {fileID: 3123144177663039270, guid: b10fea7dfaf8b9b448eea8a2d6694772, type: 3}
      propertyPath: InitialModule.startSize.minScalar
      value: 8
      objectReference: {fileID: 0}
    - target: {fileID: 4661121381842810995, guid: b10fea7dfaf8b9b448eea8a2d6694772, type: 3}
      propertyPath: m_RootOrder
      value: 2
      objectReference: {fileID: 0}
    - target: {fileID: 4661121381842810995, guid: b10fea7dfaf8b9b448eea8a2d6694772, type: 3}
      propertyPath: m_LocalPosition.x
      value: -0.48
      objectReference: {fileID: 0}
    - target: {fileID: 4661121381842810995, guid: b10fea7dfaf8b9b448eea8a2d6694772, type: 3}
      propertyPath: m_LocalPosition.y
      value: 1.474
      objectReference: {fileID: 0}
    - target: {fileID: 4661121381842810995, guid: b10fea7dfaf8b9b448eea8a2d6694772, type: 3}
      propertyPath: m_LocalPosition.z
      value: -0.45
      objectReference: {fileID: 0}
    - target: {fileID: 4661121381842810995, guid: b10fea7dfaf8b9b448eea8a2d6694772, type: 3}
      propertyPath: m_LocalRotation.w
      value: 1
      objectReference: {fileID: 0}
    - target: {fileID: 4661121381842810995, guid: b10fea7dfaf8b9b448eea8a2d6694772, type: 3}
      propertyPath: m_LocalRotation.x
      value: -0
      objectReference: {fileID: 0}
    - target: {fileID: 4661121381842810995, guid: b10fea7dfaf8b9b448eea8a2d6694772, type: 3}
      propertyPath: m_LocalRotation.y
      value: -0
      objectReference: {fileID: 0}
    - target: {fileID: 4661121381842810995, guid: b10fea7dfaf8b9b448eea8a2d6694772, type: 3}
      propertyPath: m_LocalRotation.z
      value: -0
      objectReference: {fileID: 0}
    - target: {fileID: 4661121381842810995, guid: b10fea7dfaf8b9b448eea8a2d6694772, type: 3}
      propertyPath: m_LocalEulerAnglesHint.x
      value: 0
      objectReference: {fileID: 0}
    - target: {fileID: 4661121381842810995, guid: b10fea7dfaf8b9b448eea8a2d6694772, type: 3}
      propertyPath: m_LocalEulerAnglesHint.y
      value: 0
      objectReference: {fileID: 0}
    - target: {fileID: 4661121381842810995, guid: b10fea7dfaf8b9b448eea8a2d6694772, type: 3}
      propertyPath: m_LocalEulerAnglesHint.z
      value: 0
      objectReference: {fileID: 0}
    - target: {fileID: 7709228306097344703, guid: b10fea7dfaf8b9b448eea8a2d6694772, type: 3}
      propertyPath: m_Name
      value: FX_prop_upgrade
      objectReference: {fileID: 0}
    - target: {fileID: 9012033979155249435, guid: b10fea7dfaf8b9b448eea8a2d6694772, type: 3}
      propertyPath: EmissionModule.m_Bursts.Array.data[0].countCurve.scalar
      value: 40
      objectReference: {fileID: 0}
    - target: {fileID: 9012033979155249435, guid: b10fea7dfaf8b9b448eea8a2d6694772, type: 3}
      propertyPath: EmissionModule.m_Bursts.Array.data[0].countCurve.minScalar
      value: 30
      objectReference: {fileID: 0}
    m_RemovedComponents: []
  m_SourcePrefab: {fileID: 100100000, guid: b10fea7dfaf8b9b448eea8a2d6694772, type: 3}
--- !u!4 &272550164856361801 stripped
Transform:
  m_CorrespondingSourceObject: {fileID: 4661121381842810995, guid: b10fea7dfaf8b9b448eea8a2d6694772, type: 3}
  m_PrefabInstance: {fileID: 4857110058435816250}
  m_PrefabAsset: {fileID: 0}
--- !u!198 &6094794176818033238 stripped
ParticleSystem:
  m_CorrespondingSourceObject: {fileID: 1725693249711020396, guid: b10fea7dfaf8b9b448eea8a2d6694772, type: 3}
  m_PrefabInstance: {fileID: 4857110058435816250}
  m_PrefabAsset: {fileID: 0}
