%YAML 1.1
%TAG !u! tag:unity3d.com,2011:
--- !u!1 &7779492012514786670
GameObject:
  m_ObjectHideFlags: 0
  m_CorrespondingSourceObject: {fileID: 0}
  m_PrefabInstance: {fileID: 0}
  m_PrefabAsset: {fileID: 0}
  serializedVersion: 6
  m_Component:
  - component: {fileID: 7897149573957143920}
  m_Layer: 0
  m_Name: Bathroom
  m_TagString: Untagged
  m_Icon: {fileID: 0}
  m_NavMeshLayer: 0
  m_StaticEditorFlags: 0
  m_IsActive: 1
--- !u!4 &7897149573957143920
Transform:
  m_ObjectHideFlags: 0
  m_CorrespondingSourceObject: {fileID: 0}
  m_PrefabInstance: {fileID: 0}
  m_PrefabAsset: {fileID: 0}
  m_GameObject: {fileID: 7779492012514786670}
  m_LocalRotation: {x: 0, y: 0, z: 0, w: 1}
  m_LocalPosition: {x: 2.7311866, y: 1.2027245, z: 22.67496}
  m_LocalScale: {x: 1, y: 1, z: 1}
  m_ConstrainProportionsScale: 0
  m_Children:
  - {fileID: 4524681024833502790}
  - {fileID: 6862778751118622089}
  - {fileID: 8117673839760857110}
  - {fileID: 1697658030200048194}
  - {fileID: 7505748987595905169}
  - {fileID: 8234727464976874753}
  m_Father: {fileID: 0}
  m_RootOrder: 0
  m_LocalEulerAnglesHint: {x: 0, y: 0, z: 0}
--- !u!1001 &193542150893857143
PrefabInstance:
  m_ObjectHideFlags: 0
  serializedVersion: 2
  m_Modification:
    m_TransformParent: {fileID: 7897149573957143920}
    m_Modifications:
    - target: {fileID: 1522449171120792373, guid: 024d173553a7f874aa09eee5af6f30c7, type: 3}
      propertyPath: m_RootOrder
      value: 3
      objectReference: {fileID: 0}
    - target: {fileID: 1522449171120792373, guid: 024d173553a7f874aa09eee5af6f30c7, type: 3}
      propertyPath: m_LocalPosition.x
      value: 0
      objectReference: {fileID: 0}
    - target: {fileID: 1522449171120792373, guid: 024d173553a7f874aa09eee5af6f30c7, type: 3}
      propertyPath: m_LocalPosition.y
      value: 0
      objectReference: {fileID: 0}
    - target: {fileID: 1522449171120792373, guid: 024d173553a7f874aa09eee5af6f30c7, type: 3}
      propertyPath: m_LocalPosition.z
      value: 0
      objectReference: {fileID: 0}
    - target: {fileID: 1522449171120792373, guid: 024d173553a7f874aa09eee5af6f30c7, type: 3}
      propertyPath: m_LocalRotation.w
      value: 1
      objectReference: {fileID: 0}
    - target: {fileID: 1522449171120792373, guid: 024d173553a7f874aa09eee5af6f30c7, type: 3}
      propertyPath: m_LocalRotation.x
      value: -0
      objectReference: {fileID: 0}
    - target: {fileID: 1522449171120792373, guid: 024d173553a7f874aa09eee5af6f30c7, type: 3}
      propertyPath: m_LocalRotation.y
      value: -0
      objectReference: {fileID: 0}
    - target: {fileID: 1522449171120792373, guid: 024d173553a7f874aa09eee5af6f30c7, type: 3}
      propertyPath: m_LocalRotation.z
      value: -0
      objectReference: {fileID: 0}
    - target: {fileID: 1522449171120792373, guid: 024d173553a7f874aa09eee5af6f30c7, type: 3}
      propertyPath: m_LocalEulerAnglesHint.x
      value: 0
      objectReference: {fileID: 0}
    - target: {fileID: 1522449171120792373, guid: 024d173553a7f874aa09eee5af6f30c7, type: 3}
      propertyPath: m_LocalEulerAnglesHint.y
      value: 0
      objectReference: {fileID: 0}
    - target: {fileID: 1522449171120792373, guid: 024d173553a7f874aa09eee5af6f30c7, type: 3}
      propertyPath: m_LocalEulerAnglesHint.z
      value: 0
      objectReference: {fileID: 0}
    - target: {fileID: 1522449171120792374, guid: 024d173553a7f874aa09eee5af6f30c7, type: 3}
      propertyPath: m_Name
      value: BathroomWalls_lvl2
      objectReference: {fileID: 0}
    - target: {fileID: 1522449171120792374, guid: 024d173553a7f874aa09eee5af6f30c7, type: 3}
      propertyPath: m_IsActive
      value: 0
      objectReference: {fileID: 0}
    m_RemovedComponents: []
  m_SourcePrefab: {fileID: 100100000, guid: 024d173553a7f874aa09eee5af6f30c7, type: 3}
--- !u!4 &1697658030200048194 stripped
Transform:
  m_CorrespondingSourceObject: {fileID: 1522449171120792373, guid: 024d173553a7f874aa09eee5af6f30c7, type: 3}
  m_PrefabInstance: {fileID: 193542150893857143}
  m_PrefabAsset: {fileID: 0}
--- !u!1001 &3976929142904939459
PrefabInstance:
  m_ObjectHideFlags: 0
  serializedVersion: 2
  m_Modification:
    m_TransformParent: {fileID: 7897149573957143920}
    m_Modifications:
    - target: {fileID: 6852549075738934097, guid: 2d531f5acbb488f42a2264d9723a18f6, type: 3}
      propertyPath: m_Name
      value: BathroomWalls_lvl3
      objectReference: {fileID: 0}
    - target: {fileID: 6852549075738934098, guid: 2d531f5acbb488f42a2264d9723a18f6, type: 3}
      propertyPath: m_RootOrder
      value: 4
      objectReference: {fileID: 0}
    - target: {fileID: 6852549075738934098, guid: 2d531f5acbb488f42a2264d9723a18f6, type: 3}
      propertyPath: m_LocalPosition.x
      value: 0
      objectReference: {fileID: 0}
    - target: {fileID: 6852549075738934098, guid: 2d531f5acbb488f42a2264d9723a18f6, type: 3}
      propertyPath: m_LocalPosition.y
      value: 0
      objectReference: {fileID: 0}
    - target: {fileID: 6852549075738934098, guid: 2d531f5acbb488f42a2264d9723a18f6, type: 3}
      propertyPath: m_LocalPosition.z
      value: 0
      objectReference: {fileID: 0}
    - target: {fileID: 6852549075738934098, guid: 2d531f5acbb488f42a2264d9723a18f6, type: 3}
      propertyPath: m_LocalRotation.w
      value: 1
      objectReference: {fileID: 0}
    - target: {fileID: 6852549075738934098, guid: 2d531f5acbb488f42a2264d9723a18f6, type: 3}
      propertyPath: m_LocalRotation.x
      value: -0
      objectReference: {fileID: 0}
    - target: {fileID: 6852549075738934098, guid: 2d531f5acbb488f42a2264d9723a18f6, type: 3}
      propertyPath: m_LocalRotation.y
      value: -0
      objectReference: {fileID: 0}
    - target: {fileID: 6852549075738934098, guid: 2d531f5acbb488f42a2264d9723a18f6, type: 3}
      propertyPath: m_LocalRotation.z
      value: -0
      objectReference: {fileID: 0}
    - target: {fileID: 6852549075738934098, guid: 2d531f5acbb488f42a2264d9723a18f6, type: 3}
      propertyPath: m_LocalEulerAnglesHint.x
      value: 0
      objectReference: {fileID: 0}
    - target: {fileID: 6852549075738934098, guid: 2d531f5acbb488f42a2264d9723a18f6, type: 3}
      propertyPath: m_LocalEulerAnglesHint.y
      value: 0
      objectReference: {fileID: 0}
    - target: {fileID: 6852549075738934098, guid: 2d531f5acbb488f42a2264d9723a18f6, type: 3}
      propertyPath: m_LocalEulerAnglesHint.z
      value: 0
      objectReference: {fileID: 0}
    m_RemovedComponents: []
  m_SourcePrefab: {fileID: 100100000, guid: 2d531f5acbb488f42a2264d9723a18f6, type: 3}
--- !u!4 &7505748987595905169 stripped
Transform:
  m_CorrespondingSourceObject: {fileID: 6852549075738934098, guid: 2d531f5acbb488f42a2264d9723a18f6, type: 3}
  m_PrefabInstance: {fileID: 3976929142904939459}
  m_PrefabAsset: {fileID: 0}
--- !u!1001 &5576755299383582960
PrefabInstance:
  m_ObjectHideFlags: 0
  serializedVersion: 2
  m_Modification:
    m_TransformParent: {fileID: 7897149573957143920}
    m_Modifications:
    - target: {fileID: 1442539927793303715, guid: efbf5ced35a234547bbdd86c77ba95fb, type: 3}
      propertyPath: m_Mesh
      value: 
      objectReference: {fileID: 290485951549343488, guid: 46290a20542c415479058d007c9e7941, type: 3}
    - target: {fileID: 1679864808494273493, guid: efbf5ced35a234547bbdd86c77ba95fb, type: 3}
      propertyPath: m_Mesh
      value: 
      objectReference: {fileID: 290485951549343488, guid: 46290a20542c415479058d007c9e7941, type: 3}
    - target: {fileID: 2060799049423226239, guid: efbf5ced35a234547bbdd86c77ba95fb, type: 3}
      propertyPath: m_Mesh
      value: 
      objectReference: {fileID: 290485951549343488, guid: 46290a20542c415479058d007c9e7941, type: 3}
    - target: {fileID: 2532542283632137159, guid: efbf5ced35a234547bbdd86c77ba95fb, type: 3}
      propertyPath: m_Mesh
      value: 
      objectReference: {fileID: 290485951549343488, guid: 46290a20542c415479058d007c9e7941, type: 3}
    - target: {fileID: 2902291200836276080, guid: efbf5ced35a234547bbdd86c77ba95fb, type: 3}
      propertyPath: m_Mesh
      value: 
      objectReference: {fileID: 290485951549343488, guid: 46290a20542c415479058d007c9e7941, type: 3}
    - target: {fileID: 3621774226778833163, guid: efbf5ced35a234547bbdd86c77ba95fb, type: 3}
      propertyPath: m_Mesh
      value: 
      objectReference: {fileID: 290485951549343488, guid: 46290a20542c415479058d007c9e7941, type: 3}
    - target: {fileID: 4873519129824820521, guid: efbf5ced35a234547bbdd86c77ba95fb, type: 3}
      propertyPath: m_Mesh
      value: 
      objectReference: {fileID: 290485951549343488, guid: 46290a20542c415479058d007c9e7941, type: 3}
    - target: {fileID: 4953426114208170666, guid: efbf5ced35a234547bbdd86c77ba95fb, type: 3}
      propertyPath: m_Mesh
      value: 
      objectReference: {fileID: 290485951549343488, guid: 46290a20542c415479058d007c9e7941, type: 3}
    - target: {fileID: 5448027282328141819, guid: efbf5ced35a234547bbdd86c77ba95fb, type: 3}
      propertyPath: m_Mesh
      value: 
      objectReference: {fileID: 290485951549343488, guid: 46290a20542c415479058d007c9e7941, type: 3}
    - target: {fileID: 5481606599463325373, guid: efbf5ced35a234547bbdd86c77ba95fb, type: 3}
      propertyPath: m_Mesh
      value: 
      objectReference: {fileID: 290485951549343488, guid: 46290a20542c415479058d007c9e7941, type: 3}
    - target: {fileID: 5534982997796708159, guid: efbf5ced35a234547bbdd86c77ba95fb, type: 3}
      propertyPath: m_Mesh
      value: 
      objectReference: {fileID: 290485951549343488, guid: 46290a20542c415479058d007c9e7941, type: 3}
    - target: {fileID: 5739645195243702625, guid: efbf5ced35a234547bbdd86c77ba95fb, type: 3}
      propertyPath: m_Mesh
      value: 
      objectReference: {fileID: 290485951549343488, guid: 46290a20542c415479058d007c9e7941, type: 3}
    - target: {fileID: 6728812695288996559, guid: efbf5ced35a234547bbdd86c77ba95fb, type: 3}
      propertyPath: m_Mesh
      value: 
      objectReference: {fileID: 290485951549343488, guid: 46290a20542c415479058d007c9e7941, type: 3}
    - target: {fileID: 7595652073735484182, guid: efbf5ced35a234547bbdd86c77ba95fb, type: 3}
      propertyPath: m_Name
      value: BathroomFloor_lvl1
      objectReference: {fileID: 0}
    - target: {fileID: 7595652073735484182, guid: efbf5ced35a234547bbdd86c77ba95fb, type: 3}
      propertyPath: m_IsActive
      value: 0
      objectReference: {fileID: 0}
    - target: {fileID: 7796561217786244490, guid: efbf5ced35a234547bbdd86c77ba95fb, type: 3}
      propertyPath: m_Mesh
      value: 
      objectReference: {fileID: 290485951549343488, guid: 46290a20542c415479058d007c9e7941, type: 3}
    - target: {fileID: 8335731964186173110, guid: efbf5ced35a234547bbdd86c77ba95fb, type: 3}
      propertyPath: m_RootOrder
      value: 0
      objectReference: {fileID: 0}
    - target: {fileID: 8335731964186173110, guid: efbf5ced35a234547bbdd86c77ba95fb, type: 3}
      propertyPath: m_LocalPosition.x
      value: -0.21118617
      objectReference: {fileID: 0}
    - target: {fileID: 8335731964186173110, guid: efbf5ced35a234547bbdd86c77ba95fb, type: 3}
      propertyPath: m_LocalPosition.y
      value: -0.0027287006
      objectReference: {fileID: 0}
    - target: {fileID: 8335731964186173110, guid: efbf5ced35a234547bbdd86c77ba95fb, type: 3}
      propertyPath: m_LocalPosition.z
      value: -0.37116814
      objectReference: {fileID: 0}
    - target: {fileID: 8335731964186173110, guid: efbf5ced35a234547bbdd86c77ba95fb, type: 3}
      propertyPath: m_LocalRotation.w
      value: 1
      objectReference: {fileID: 0}
    - target: {fileID: 8335731964186173110, guid: efbf5ced35a234547bbdd86c77ba95fb, type: 3}
      propertyPath: m_LocalRotation.x
      value: -0
      objectReference: {fileID: 0}
    - target: {fileID: 8335731964186173110, guid: efbf5ced35a234547bbdd86c77ba95fb, type: 3}
      propertyPath: m_LocalRotation.y
      value: -0
      objectReference: {fileID: 0}
    - target: {fileID: 8335731964186173110, guid: efbf5ced35a234547bbdd86c77ba95fb, type: 3}
      propertyPath: m_LocalRotation.z
      value: -0
      objectReference: {fileID: 0}
    - target: {fileID: 8335731964186173110, guid: efbf5ced35a234547bbdd86c77ba95fb, type: 3}
      propertyPath: m_LocalEulerAnglesHint.x
      value: 0
      objectReference: {fileID: 0}
    - target: {fileID: 8335731964186173110, guid: efbf5ced35a234547bbdd86c77ba95fb, type: 3}
      propertyPath: m_LocalEulerAnglesHint.y
      value: 0
      objectReference: {fileID: 0}
    - target: {fileID: 8335731964186173110, guid: efbf5ced35a234547bbdd86c77ba95fb, type: 3}
      propertyPath: m_LocalEulerAnglesHint.z
      value: 0
      objectReference: {fileID: 0}
    - target: {fileID: 8645818316307782472, guid: efbf5ced35a234547bbdd86c77ba95fb, type: 3}
      propertyPath: m_Mesh
      value: 
      objectReference: {fileID: 290485951549343488, guid: 46290a20542c415479058d007c9e7941, type: 3}
    m_RemovedComponents: []
  m_SourcePrefab: {fileID: 100100000, guid: efbf5ced35a234547bbdd86c77ba95fb, type: 3}
--- !u!4 &4524681024833502790 stripped
Transform:
  m_CorrespondingSourceObject: {fileID: 8335731964186173110, guid: efbf5ced35a234547bbdd86c77ba95fb, type: 3}
  m_PrefabInstance: {fileID: 5576755299383582960}
  m_PrefabAsset: {fileID: 0}
--- !u!1001 &5800707209165877003
PrefabInstance:
  m_ObjectHideFlags: 0
  serializedVersion: 2
  m_Modification:
    m_TransformParent: {fileID: 7897149573957143920}
    m_Modifications:
    - target: {fileID: 1134129273710776961, guid: 39ce253112347854ea038ed2f2890d92, type: 3}
      propertyPath: m_Name
      value: BathroomWalls_lvl1
      objectReference: {fileID: 0}
    - target: {fileID: 1134129273710776961, guid: 39ce253112347854ea038ed2f2890d92, type: 3}
      propertyPath: m_IsActive
      value: 0
      objectReference: {fileID: 0}
    - target: {fileID: 1134129273710776962, guid: 39ce253112347854ea038ed2f2890d92, type: 3}
      propertyPath: m_RootOrder
      value: 1
      objectReference: {fileID: 0}
    - target: {fileID: 1134129273710776962, guid: 39ce253112347854ea038ed2f2890d92, type: 3}
      propertyPath: m_LocalPosition.x
      value: 0
      objectReference: {fileID: 0}
    - target: {fileID: 1134129273710776962, guid: 39ce253112347854ea038ed2f2890d92, type: 3}
      propertyPath: m_LocalPosition.y
      value: 0
      objectReference: {fileID: 0}
    - target: {fileID: 1134129273710776962, guid: 39ce253112347854ea038ed2f2890d92, type: 3}
      propertyPath: m_LocalPosition.z
      value: 0
      objectReference: {fileID: 0}
    - target: {fileID: 1134129273710776962, guid: 39ce253112347854ea038ed2f2890d92, type: 3}
      propertyPath: m_LocalRotation.w
      value: 1
      objectReference: {fileID: 0}
    - target: {fileID: 1134129273710776962, guid: 39ce253112347854ea038ed2f2890d92, type: 3}
      propertyPath: m_LocalRotation.x
      value: -0
      objectReference: {fileID: 0}
    - target: {fileID: 1134129273710776962, guid: 39ce253112347854ea038ed2f2890d92, type: 3}
      propertyPath: m_LocalRotation.y
      value: -0
      objectReference: {fileID: 0}
    - target: {fileID: 1134129273710776962, guid: 39ce253112347854ea038ed2f2890d92, type: 3}
      propertyPath: m_LocalRotation.z
      value: -0
      objectReference: {fileID: 0}
    - target: {fileID: 1134129273710776962, guid: 39ce253112347854ea038ed2f2890d92, type: 3}
      propertyPath: m_LocalEulerAnglesHint.x
      value: 0
      objectReference: {fileID: 0}
    - target: {fileID: 1134129273710776962, guid: 39ce253112347854ea038ed2f2890d92, type: 3}
      propertyPath: m_LocalEulerAnglesHint.y
      value: 0
      objectReference: {fileID: 0}
    - target: {fileID: 1134129273710776962, guid: 39ce253112347854ea038ed2f2890d92, type: 3}
      propertyPath: m_LocalEulerAnglesHint.z
      value: 0
      objectReference: {fileID: 0}
    m_RemovedComponents: []
  m_SourcePrefab: {fileID: 100100000, guid: 39ce253112347854ea038ed2f2890d92, type: 3}
--- !u!4 &6862778751118622089 stripped
Transform:
  m_CorrespondingSourceObject: {fileID: 1134129273710776962, guid: 39ce253112347854ea038ed2f2890d92, type: 3}
  m_PrefabInstance: {fileID: 5800707209165877003}
  m_PrefabAsset: {fileID: 0}
--- !u!1001 &7218350954416848379
PrefabInstance:
  m_ObjectHideFlags: 0
  serializedVersion: 2
  m_Modification:
    m_TransformParent: {fileID: 7897149573957143920}
    m_Modifications:
    - target: {fileID: 913190942475726170, guid: 08c4d8afb4690dd42a07657c17e5c3b6, type: 3}
      propertyPath: m_Name
      value: BathroomFloor_lvl3
      objectReference: {fileID: 0}
    - target: {fileID: 1615414634696098042, guid: 08c4d8afb4690dd42a07657c17e5c3b6, type: 3}
      propertyPath: m_RootOrder
      value: 5
      objectReference: {fileID: 0}
    - target: {fileID: 1615414634696098042, guid: 08c4d8afb4690dd42a07657c17e5c3b6, type: 3}
      propertyPath: m_LocalPosition.x
      value: -0.21118617
      objectReference: {fileID: 0}
    - target: {fileID: 1615414634696098042, guid: 08c4d8afb4690dd42a07657c17e5c3b6, type: 3}
      propertyPath: m_LocalPosition.y
      value: -0.0027287006
      objectReference: {fileID: 0}
    - target: {fileID: 1615414634696098042, guid: 08c4d8afb4690dd42a07657c17e5c3b6, type: 3}
      propertyPath: m_LocalPosition.z
      value: -0.37116814
      objectReference: {fileID: 0}
    - target: {fileID: 1615414634696098042, guid: 08c4d8afb4690dd42a07657c17e5c3b6, type: 3}
      propertyPath: m_LocalRotation.w
      value: 1
      objectReference: {fileID: 0}
    - target: {fileID: 1615414634696098042, guid: 08c4d8afb4690dd42a07657c17e5c3b6, type: 3}
      propertyPath: m_LocalRotation.x
      value: -0
      objectReference: {fileID: 0}
    - target: {fileID: 1615414634696098042, guid: 08c4d8afb4690dd42a07657c17e5c3b6, type: 3}
      propertyPath: m_LocalRotation.y
      value: -0
      objectReference: {fileID: 0}
    - target: {fileID: 1615414634696098042, guid: 08c4d8afb4690dd42a07657c17e5c3b6, type: 3}
      propertyPath: m_LocalRotation.z
      value: -0
      objectReference: {fileID: 0}
    - target: {fileID: 1615414634696098042, guid: 08c4d8afb4690dd42a07657c17e5c3b6, type: 3}
      propertyPath: m_LocalEulerAnglesHint.x
      value: 0
      objectReference: {fileID: 0}
    - target: {fileID: 1615414634696098042, guid: 08c4d8afb4690dd42a07657c17e5c3b6, type: 3}
      propertyPath: m_LocalEulerAnglesHint.y
      value: 0
      objectReference: {fileID: 0}
    - target: {fileID: 1615414634696098042, guid: 08c4d8afb4690dd42a07657c17e5c3b6, type: 3}
      propertyPath: m_LocalEulerAnglesHint.z
      value: 0
      objectReference: {fileID: 0}
    m_RemovedComponents: []
  m_SourcePrefab: {fileID: 100100000, guid: 08c4d8afb4690dd42a07657c17e5c3b6, type: 3}
--- !u!4 &8234727464976874753 stripped
Transform:
  m_CorrespondingSourceObject: {fileID: 1615414634696098042, guid: 08c4d8afb4690dd42a07657c17e5c3b6, type: 3}
  m_PrefabInstance: {fileID: 7218350954416848379}
  m_PrefabAsset: {fileID: 0}
--- !u!1001 &7244630424431053686
PrefabInstance:
  m_ObjectHideFlags: 0
  serializedVersion: 2
  m_Modification:
    m_TransformParent: {fileID: 7897149573957143920}
    m_Modifications:
    - target: {fileID: 1074822068740554432, guid: e17469c26569ecf4395758c8945915d6, type: 3}
      propertyPath: m_Name
      value: BathroomFloor_lvl2
      objectReference: {fileID: 0}
    - target: {fileID: 1074822068740554432, guid: e17469c26569ecf4395758c8945915d6, type: 3}
      propertyPath: m_IsActive
      value: 0
      objectReference: {fileID: 0}
    - target: {fileID: 1454061959012815712, guid: e17469c26569ecf4395758c8945915d6, type: 3}
      propertyPath: m_RootOrder
      value: 2
      objectReference: {fileID: 0}
    - target: {fileID: 1454061959012815712, guid: e17469c26569ecf4395758c8945915d6, type: 3}
      propertyPath: m_LocalPosition.x
      value: -0.21118617
      objectReference: {fileID: 0}
    - target: {fileID: 1454061959012815712, guid: e17469c26569ecf4395758c8945915d6, type: 3}
      propertyPath: m_LocalPosition.y
      value: -0.0027287006
      objectReference: {fileID: 0}
    - target: {fileID: 1454061959012815712, guid: e17469c26569ecf4395758c8945915d6, type: 3}
      propertyPath: m_LocalPosition.z
      value: -0.37116814
      objectReference: {fileID: 0}
    - target: {fileID: 1454061959012815712, guid: e17469c26569ecf4395758c8945915d6, type: 3}
      propertyPath: m_LocalRotation.w
      value: 1
      objectReference: {fileID: 0}
    - target: {fileID: 1454061959012815712, guid: e17469c26569ecf4395758c8945915d6, type: 3}
      propertyPath: m_LocalRotation.x
      value: -0
      objectReference: {fileID: 0}
    - target: {fileID: 1454061959012815712, guid: e17469c26569ecf4395758c8945915d6, type: 3}
      propertyPath: m_LocalRotation.y
      value: -0
      objectReference: {fileID: 0}
    - target: {fileID: 1454061959012815712, guid: e17469c26569ecf4395758c8945915d6, type: 3}
      propertyPath: m_LocalRotation.z
      value: -0
      objectReference: {fileID: 0}
    - target: {fileID: 1454061959012815712, guid: e17469c26569ecf4395758c8945915d6, type: 3}
      propertyPath: m_LocalEulerAnglesHint.x
      value: 0
      objectReference: {fileID: 0}
    - target: {fileID: 1454061959012815712, guid: e17469c26569ecf4395758c8945915d6, type: 3}
      propertyPath: m_LocalEulerAnglesHint.y
      value: 0
      objectReference: {fileID: 0}
    - target: {fileID: 1454061959012815712, guid: e17469c26569ecf4395758c8945915d6, type: 3}
      propertyPath: m_LocalEulerAnglesHint.z
      value: 0
      objectReference: {fileID: 0}
    m_RemovedComponents: []
  m_SourcePrefab: {fileID: 100100000, guid: e17469c26569ecf4395758c8945915d6, type: 3}
--- !u!4 &8117673839760857110 stripped
Transform:
  m_CorrespondingSourceObject: {fileID: 1454061959012815712, guid: e17469c26569ecf4395758c8945915d6, type: 3}
  m_PrefabInstance: {fileID: 7244630424431053686}
  m_PrefabAsset: {fileID: 0}
