%YAML 1.1
%TAG !u! tag:unity3d.com,2011:
--- !u!1 &5812960914398190380
GameObject:
  m_ObjectHideFlags: 0
  m_CorrespondingSourceObject: {fileID: 0}
  m_PrefabInstance: {fileID: 0}
  m_PrefabAsset: {fileID: 0}
  serializedVersion: 6
  m_Component:
  - component: {fileID: 5508947085421400862}
  m_Layer: 0
  m_Name: R1_props
  m_TagString: Untagged
  m_Icon: {fileID: 0}
  m_NavMeshLayer: 0
  m_StaticEditorFlags: 0
  m_IsActive: 1
--- !u!4 &5508947085421400862
Transform:
  m_ObjectHideFlags: 0
  m_CorrespondingSourceObject: {fileID: 0}
  m_PrefabInstance: {fileID: 0}
  m_PrefabAsset: {fileID: 0}
  m_GameObject: {fileID: 5812960914398190380}
  m_LocalRotation: {x: 0, y: 0, z: 0, w: 1}
  m_LocalPosition: {x: -1.78, y: 0.0042563677, z: 2.9900007}
  m_LocalScale: {x: 1, y: 1, z: 1}
  m_ConstrainProportionsScale: 0
  m_Children:
  - {fileID: 1226380599473091086}
  - {fileID: 7624833379939406373}
  - {fileID: 7544092293042132787}
  - {fileID: 3562773845424934459}
  - {fileID: 5882435183529887340}
  - {fileID: 8484938267982220302}
  - {fileID: 7919919539401596358}
  - {fileID: 3816439202187545269}
  - {fileID: 1421347453322300446}
  - {fileID: 6257130665297491362}
  - {fileID: 1062258452837409326}
  - {fileID: 7750079453896011163}
  - {fileID: 2584501912975150860}
  m_Father: {fileID: 0}
  m_RootOrder: 0
  m_LocalEulerAnglesHint: {x: 0, y: 0, z: 0}
--- !u!1001 &521540799009430251
PrefabInstance:
  m_ObjectHideFlags: 0
  serializedVersion: 2
  m_Modification:
    m_TransformParent: {fileID: 5508947085421400862}
    m_Modifications:
    - target: {fileID: 684834084250400965, guid: 903d33c2180d0ed48b9f14760c79556e, type: 3}
      propertyPath: m_RootOrder
      value: 10
      objectReference: {fileID: 0}
    - target: {fileID: 684834084250400965, guid: 903d33c2180d0ed48b9f14760c79556e, type: 3}
      propertyPath: m_LocalPosition.x
      value: 7.68
      objectReference: {fileID: 0}
    - target: {fileID: 684834084250400965, guid: 903d33c2180d0ed48b9f14760c79556e, type: 3}
      propertyPath: m_LocalPosition.y
      value: 0.016
      objectReference: {fileID: 0}
    - target: {fileID: 684834084250400965, guid: 903d33c2180d0ed48b9f14760c79556e, type: 3}
      propertyPath: m_LocalPosition.z
      value: 2.62
      objectReference: {fileID: 0}
    - target: {fileID: 684834084250400965, guid: 903d33c2180d0ed48b9f14760c79556e, type: 3}
      propertyPath: m_LocalRotation.w
      value: 1
      objectReference: {fileID: 0}
    - target: {fileID: 684834084250400965, guid: 903d33c2180d0ed48b9f14760c79556e, type: 3}
      propertyPath: m_LocalRotation.x
      value: 0
      objectReference: {fileID: 0}
    - target: {fileID: 684834084250400965, guid: 903d33c2180d0ed48b9f14760c79556e, type: 3}
      propertyPath: m_LocalRotation.y
      value: 0
      objectReference: {fileID: 0}
    - target: {fileID: 684834084250400965, guid: 903d33c2180d0ed48b9f14760c79556e, type: 3}
      propertyPath: m_LocalRotation.z
      value: 0
      objectReference: {fileID: 0}
    - target: {fileID: 684834084250400965, guid: 903d33c2180d0ed48b9f14760c79556e, type: 3}
      propertyPath: m_LocalEulerAnglesHint.x
      value: 0
      objectReference: {fileID: 0}
    - target: {fileID: 684834084250400965, guid: 903d33c2180d0ed48b9f14760c79556e, type: 3}
      propertyPath: m_LocalEulerAnglesHint.y
      value: 0
      objectReference: {fileID: 0}
    - target: {fileID: 684834084250400965, guid: 903d33c2180d0ed48b9f14760c79556e, type: 3}
      propertyPath: m_LocalEulerAnglesHint.z
      value: 0
      objectReference: {fileID: 0}
    - target: {fileID: 894239622170640558, guid: 903d33c2180d0ed48b9f14760c79556e, type: 3}
      propertyPath: m_IsActive
      value: 1
      objectReference: {fileID: 0}
    - target: {fileID: 2194129943834341653, guid: 903d33c2180d0ed48b9f14760c79556e, type: 3}
      propertyPath: m_Name
      value: R1_bath
      objectReference: {fileID: 0}
    - target: {fileID: 4208913223116652461, guid: 903d33c2180d0ed48b9f14760c79556e, type: 3}
      propertyPath: workingZones.Array.size
      value: 3
      objectReference: {fileID: 0}
    - target: {fileID: 4208913223116652461, guid: 903d33c2180d0ed48b9f14760c79556e, type: 3}
      propertyPath: workingZones.Array.data[2]
      value: 
      objectReference: {fileID: 2365577534188694322}
    - target: {fileID: 4971061759209928336, guid: 903d33c2180d0ed48b9f14760c79556e, type: 3}
      propertyPath: addToServiceOnStart
      value: 1
      objectReference: {fileID: 0}
    - target: {fileID: 5722964948333382942, guid: 903d33c2180d0ed48b9f14760c79556e, type: 3}
      propertyPath: _service
      value: 
      objectReference: {fileID: 11400000, guid: 2bb43c32f6d3cf14b805ae55c2016f74, type: 2}
    - target: {fileID: 7385976063038940355, guid: 903d33c2180d0ed48b9f14760c79556e, type: 3}
      propertyPath: _capacity
      value: 1
      objectReference: {fileID: 0}
    - target: {fileID: 8150580746192810311, guid: 903d33c2180d0ed48b9f14760c79556e, type: 3}
      propertyPath: m_IsActive
      value: 0
      objectReference: {fileID: 0}
    m_RemovedComponents: []
  m_SourcePrefab: {fileID: 100100000, guid: 903d33c2180d0ed48b9f14760c79556e, type: 3}
--- !u!4 &1062258452837409326 stripped
Transform:
  m_CorrespondingSourceObject: {fileID: 684834084250400965, guid: 903d33c2180d0ed48b9f14760c79556e, type: 3}
  m_PrefabInstance: {fileID: 521540799009430251}
  m_PrefabAsset: {fileID: 0}
--- !u!114 &2365577534188694322 stripped
MonoBehaviour:
  m_CorrespondingSourceObject: {fileID: 2875788794498560473, guid: 903d33c2180d0ed48b9f14760c79556e, type: 3}
  m_PrefabInstance: {fileID: 521540799009430251}
  m_PrefabAsset: {fileID: 0}
  m_GameObject: {fileID: 0}
  m_Enabled: 1
  m_EditorHideFlags: 0
  m_Script: {fileID: 11500000, guid: cbce59df0d224021b7dcd20ffee48da8, type: 3}
  m_Name: 
  m_EditorClassIdentifier: 
--- !u!1001 &1792283732252875017
PrefabInstance:
  m_ObjectHideFlags: 0
  serializedVersion: 2
  m_Modification:
    m_TransformParent: {fileID: 5508947085421400862}
    m_Modifications:
    - target: {fileID: 383611813009128619, guid: 7c8a1e4afc372b048bc83cab99a0465e, type: 3}
      propertyPath: addToServiceOnStart
      value: 1
      objectReference: {fileID: 0}
    - target: {fileID: 741093849010026978, guid: 7c8a1e4afc372b048bc83cab99a0465e, type: 3}
      propertyPath: workingZones.Array.size
      value: 3
      objectReference: {fileID: 0}
    - target: {fileID: 741093849010026978, guid: 7c8a1e4afc372b048bc83cab99a0465e, type: 3}
      propertyPath: workingZones.Array.data[2]
      value: 
      objectReference: {fileID: 7850850404331665081}
    - target: {fileID: 8309889793817490578, guid: 7c8a1e4afc372b048bc83cab99a0465e, type: 3}
      propertyPath: m_RootOrder
      value: 11
      objectReference: {fileID: 0}
    - target: {fileID: 8309889793817490578, guid: 7c8a1e4afc372b048bc83cab99a0465e, type: 3}
      propertyPath: m_LocalPosition.x
      value: -0.098
      objectReference: {fileID: 0}
    - target: {fileID: 8309889793817490578, guid: 7c8a1e4afc372b048bc83cab99a0465e, type: 3}
      propertyPath: m_LocalPosition.y
      value: 0.0029608821
      objectReference: {fileID: 0}
    - target: {fileID: 8309889793817490578, guid: 7c8a1e4afc372b048bc83cab99a0465e, type: 3}
      propertyPath: m_LocalPosition.z
      value: -0.25
      objectReference: {fileID: 0}
    - target: {fileID: 8309889793817490578, guid: 7c8a1e4afc372b048bc83cab99a0465e, type: 3}
      propertyPath: m_LocalRotation.w
      value: 0
      objectReference: {fileID: 0}
    - target: {fileID: 8309889793817490578, guid: 7c8a1e4afc372b048bc83cab99a0465e, type: 3}
      propertyPath: m_LocalRotation.x
      value: 0
      objectReference: {fileID: 0}
    - target: {fileID: 8309889793817490578, guid: 7c8a1e4afc372b048bc83cab99a0465e, type: 3}
      propertyPath: m_LocalRotation.y
      value: 1
      objectReference: {fileID: 0}
    - target: {fileID: 8309889793817490578, guid: 7c8a1e4afc372b048bc83cab99a0465e, type: 3}
      propertyPath: m_LocalRotation.z
      value: 0
      objectReference: {fileID: 0}
    - target: {fileID: 8309889793817490578, guid: 7c8a1e4afc372b048bc83cab99a0465e, type: 3}
      propertyPath: m_LocalEulerAnglesHint.x
      value: 0
      objectReference: {fileID: 0}
    - target: {fileID: 8309889793817490578, guid: 7c8a1e4afc372b048bc83cab99a0465e, type: 3}
      propertyPath: m_LocalEulerAnglesHint.y
      value: 180
      objectReference: {fileID: 0}
    - target: {fileID: 8309889793817490578, guid: 7c8a1e4afc372b048bc83cab99a0465e, type: 3}
      propertyPath: m_LocalEulerAnglesHint.z
      value: 0
      objectReference: {fileID: 0}
    - target: {fileID: 8430761273374321491, guid: 7c8a1e4afc372b048bc83cab99a0465e, type: 3}
      propertyPath: _service
      value: 
      objectReference: {fileID: 11400000, guid: 2bb43c32f6d3cf14b805ae55c2016f74, type: 2}
    - target: {fileID: 8654080177566051880, guid: 7c8a1e4afc372b048bc83cab99a0465e, type: 3}
      propertyPath: m_Name
      value: R1_bedroom_desk_1
      objectReference: {fileID: 0}
    - target: {fileID: 8654080177566051880, guid: 7c8a1e4afc372b048bc83cab99a0465e, type: 3}
      propertyPath: m_IsActive
      value: 0
      objectReference: {fileID: 0}
    - target: {fileID: 8950511936083284439, guid: 7c8a1e4afc372b048bc83cab99a0465e, type: 3}
      propertyPath: _capacity
      value: 1
      objectReference: {fileID: 0}
    m_RemovedComponents:
    - {fileID: 7353994507302158992, guid: 7c8a1e4afc372b048bc83cab99a0465e, type: 3}
  m_SourcePrefab: {fileID: 100100000, guid: 7c8a1e4afc372b048bc83cab99a0465e, type: 3}
--- !u!4 &7750079453896011163 stripped
Transform:
  m_CorrespondingSourceObject: {fileID: 8309889793817490578, guid: 7c8a1e4afc372b048bc83cab99a0465e, type: 3}
  m_PrefabInstance: {fileID: 1792283732252875017}
  m_PrefabAsset: {fileID: 0}
--- !u!114 &7850850404331665081 stripped
MonoBehaviour:
  m_CorrespondingSourceObject: {fileID: 8371253094311227312, guid: 7c8a1e4afc372b048bc83cab99a0465e, type: 3}
  m_PrefabInstance: {fileID: 1792283732252875017}
  m_PrefabAsset: {fileID: 0}
  m_GameObject: {fileID: 0}
  m_Enabled: 1
  m_EditorHideFlags: 0
  m_Script: {fileID: 11500000, guid: cbce59df0d224021b7dcd20ffee48da8, type: 3}
  m_Name: 
  m_EditorClassIdentifier: 
--- !u!1001 &2644879385345209215
PrefabInstance:
  m_ObjectHideFlags: 0
  serializedVersion: 2
  m_Modification:
    m_TransformParent: {fileID: 5508947085421400862}
    m_Modifications:
    - target: {fileID: 554173127364096026, guid: 3dae1f067639bc34699ff920edf4c930, type: 3}
      propertyPath: m_Name
      value: R1_shower
      objectReference: {fileID: 0}
    - target: {fileID: 1171719795918420426, guid: 3dae1f067639bc34699ff920edf4c930, type: 3}
      propertyPath: m_RootOrder
      value: 7
      objectReference: {fileID: 0}
    - target: {fileID: 1171719795918420426, guid: 3dae1f067639bc34699ff920edf4c930, type: 3}
      propertyPath: m_LocalPosition.x
      value: 1.03
      objectReference: {fileID: 0}
    - target: {fileID: 1171719795918420426, guid: 3dae1f067639bc34699ff920edf4c930, type: 3}
      propertyPath: m_LocalPosition.y
      value: 0.012
      objectReference: {fileID: 0}
    - target: {fileID: 1171719795918420426, guid: 3dae1f067639bc34699ff920edf4c930, type: 3}
      propertyPath: m_LocalPosition.z
      value: 4.1
      objectReference: {fileID: 0}
    - target: {fileID: 1171719795918420426, guid: 3dae1f067639bc34699ff920edf4c930, type: 3}
      propertyPath: m_LocalRotation.w
      value: 0.7071068
      objectReference: {fileID: 0}
    - target: {fileID: 1171719795918420426, guid: 3dae1f067639bc34699ff920edf4c930, type: 3}
      propertyPath: m_LocalRotation.x
      value: 0
      objectReference: {fileID: 0}
    - target: {fileID: 1171719795918420426, guid: 3dae1f067639bc34699ff920edf4c930, type: 3}
      propertyPath: m_LocalRotation.y
      value: -0.7071068
      objectReference: {fileID: 0}
    - target: {fileID: 1171719795918420426, guid: 3dae1f067639bc34699ff920edf4c930, type: 3}
      propertyPath: m_LocalRotation.z
      value: 0
      objectReference: {fileID: 0}
    - target: {fileID: 1171719795918420426, guid: 3dae1f067639bc34699ff920edf4c930, type: 3}
      propertyPath: m_LocalEulerAnglesHint.x
      value: 0
      objectReference: {fileID: 0}
    - target: {fileID: 1171719795918420426, guid: 3dae1f067639bc34699ff920edf4c930, type: 3}
      propertyPath: m_LocalEulerAnglesHint.y
      value: -90
      objectReference: {fileID: 0}
    - target: {fileID: 1171719795918420426, guid: 3dae1f067639bc34699ff920edf4c930, type: 3}
      propertyPath: m_LocalEulerAnglesHint.z
      value: 0
      objectReference: {fileID: 0}
    - target: {fileID: 2161557261319668075, guid: 3dae1f067639bc34699ff920edf4c930, type: 3}
      propertyPath: _service
      value: 
      objectReference: {fileID: 11400000, guid: 2bb43c32f6d3cf14b805ae55c2016f74, type: 2}
    - target: {fileID: 2570108757277048482, guid: 3dae1f067639bc34699ff920edf4c930, type: 3}
      propertyPath: workingZones.Array.size
      value: 3
      objectReference: {fileID: 0}
    - target: {fileID: 2570108757277048482, guid: 3dae1f067639bc34699ff920edf4c930, type: 3}
      propertyPath: workingZones.Array.data[2]
      value: 
      objectReference: {fileID: 1918367892847592361}
    - target: {fileID: 6719104974270101407, guid: 3dae1f067639bc34699ff920edf4c930, type: 3}
      propertyPath: addToServiceOnStart
      value: 1
      objectReference: {fileID: 0}
    - target: {fileID: 9170329474773345740, guid: 3dae1f067639bc34699ff920edf4c930, type: 3}
      propertyPath: _capacity
      value: 1
      objectReference: {fileID: 0}
    m_RemovedComponents: []
  m_SourcePrefab: {fileID: 100100000, guid: 3dae1f067639bc34699ff920edf4c930, type: 3}
--- !u!114 &1918367892847592361 stripped
MonoBehaviour:
  m_CorrespondingSourceObject: {fileID: 4479699160545833174, guid: 3dae1f067639bc34699ff920edf4c930, type: 3}
  m_PrefabInstance: {fileID: 2644879385345209215}
  m_PrefabAsset: {fileID: 0}
  m_GameObject: {fileID: 0}
  m_Enabled: 1
  m_EditorHideFlags: 0
  m_Script: {fileID: 11500000, guid: cbce59df0d224021b7dcd20ffee48da8, type: 3}
  m_Name: 
  m_EditorClassIdentifier: 
--- !u!4 &3816439202187545269 stripped
Transform:
  m_CorrespondingSourceObject: {fileID: 1171719795918420426, guid: 3dae1f067639bc34699ff920edf4c930, type: 3}
  m_PrefabInstance: {fileID: 2644879385345209215}
  m_PrefabAsset: {fileID: 0}
--- !u!1001 &2654918615601125254
PrefabInstance:
  m_ObjectHideFlags: 0
  serializedVersion: 2
  m_Modification:
    m_TransformParent: {fileID: 5508947085421400862}
    m_Modifications:
    - target: {fileID: 2093232345217957410, guid: ab47d58cc664d884a86312a7b37c3158, type: 3}
      propertyPath: _capacity
      value: 1
      objectReference: {fileID: 0}
    - target: {fileID: 4571197566004751473, guid: ab47d58cc664d884a86312a7b37c3158, type: 3}
      propertyPath: addToServiceOnStart
      value: 1
      objectReference: {fileID: 0}
    - target: {fileID: 4748471743203796300, guid: ab47d58cc664d884a86312a7b37c3158, type: 3}
      propertyPath: workingZones.Array.size
      value: 3
      objectReference: {fileID: 0}
    - target: {fileID: 4748471743203796300, guid: ab47d58cc664d884a86312a7b37c3158, type: 3}
      propertyPath: workingZones.Array.data[2]
      value: 
      objectReference: {fileID: 8699852101875088574}
    - target: {fileID: 7349865991475604468, guid: ab47d58cc664d884a86312a7b37c3158, type: 3}
      propertyPath: m_Name
      value: R1_washbasin_2
      objectReference: {fileID: 0}
    - target: {fileID: 7555520650507448029, guid: ab47d58cc664d884a86312a7b37c3158, type: 3}
      propertyPath: _service
      value: 
      objectReference: {fileID: 11400000, guid: 2bb43c32f6d3cf14b805ae55c2016f74, type: 2}
    - target: {fileID: 8218472672292020772, guid: ab47d58cc664d884a86312a7b37c3158, type: 3}
      propertyPath: m_RootOrder
      value: 9
      objectReference: {fileID: 0}
    - target: {fileID: 8218472672292020772, guid: ab47d58cc664d884a86312a7b37c3158, type: 3}
      propertyPath: m_LocalPosition.x
      value: -1.97
      objectReference: {fileID: 0}
    - target: {fileID: 8218472672292020772, guid: ab47d58cc664d884a86312a7b37c3158, type: 3}
      propertyPath: m_LocalPosition.y
      value: 0.042999983
      objectReference: {fileID: 0}
    - target: {fileID: 8218472672292020772, guid: ab47d58cc664d884a86312a7b37c3158, type: 3}
      propertyPath: m_LocalPosition.z
      value: 3.66
      objectReference: {fileID: 0}
    - target: {fileID: 8218472672292020772, guid: ab47d58cc664d884a86312a7b37c3158, type: 3}
      propertyPath: m_LocalRotation.w
      value: 1
      objectReference: {fileID: 0}
    - target: {fileID: 8218472672292020772, guid: ab47d58cc664d884a86312a7b37c3158, type: 3}
      propertyPath: m_LocalRotation.x
      value: -0
      objectReference: {fileID: 0}
    - target: {fileID: 8218472672292020772, guid: ab47d58cc664d884a86312a7b37c3158, type: 3}
      propertyPath: m_LocalRotation.y
      value: -0
      objectReference: {fileID: 0}
    - target: {fileID: 8218472672292020772, guid: ab47d58cc664d884a86312a7b37c3158, type: 3}
      propertyPath: m_LocalRotation.z
      value: -0
      objectReference: {fileID: 0}
    - target: {fileID: 8218472672292020772, guid: ab47d58cc664d884a86312a7b37c3158, type: 3}
      propertyPath: m_LocalEulerAnglesHint.x
      value: 0
      objectReference: {fileID: 0}
    - target: {fileID: 8218472672292020772, guid: ab47d58cc664d884a86312a7b37c3158, type: 3}
      propertyPath: m_LocalEulerAnglesHint.y
      value: 0
      objectReference: {fileID: 0}
    - target: {fileID: 8218472672292020772, guid: ab47d58cc664d884a86312a7b37c3158, type: 3}
      propertyPath: m_LocalEulerAnglesHint.z
      value: 0
      objectReference: {fileID: 0}
    m_RemovedComponents: []
  m_SourcePrefab: {fileID: 100100000, guid: ab47d58cc664d884a86312a7b37c3158, type: 3}
--- !u!4 &6257130665297491362 stripped
Transform:
  m_CorrespondingSourceObject: {fileID: 8218472672292020772, guid: ab47d58cc664d884a86312a7b37c3158, type: 3}
  m_PrefabInstance: {fileID: 2654918615601125254}
  m_PrefabAsset: {fileID: 0}
--- !u!114 &8699852101875088574 stripped
MonoBehaviour:
  m_CorrespondingSourceObject: {fileID: 6657515480884521784, guid: ab47d58cc664d884a86312a7b37c3158, type: 3}
  m_PrefabInstance: {fileID: 2654918615601125254}
  m_PrefabAsset: {fileID: 0}
  m_GameObject: {fileID: 0}
  m_Enabled: 1
  m_EditorHideFlags: 0
  m_Script: {fileID: 11500000, guid: cbce59df0d224021b7dcd20ffee48da8, type: 3}
  m_Name: 
  m_EditorClassIdentifier: 
--- !u!1001 &2760032663188453686
PrefabInstance:
  m_ObjectHideFlags: 0
  serializedVersion: 2
  m_Modification:
    m_TransformParent: {fileID: 5508947085421400862}
    m_Modifications:
    - target: {fileID: 271018441603492347, guid: 2c25fc7fce77d714498c3d22f62b415c, type: 3}
      propertyPath: _service
      value: 
      objectReference: {fileID: 11400000, guid: 2bb43c32f6d3cf14b805ae55c2016f74, type: 2}
    - target: {fileID: 400932373507683898, guid: 2c25fc7fce77d714498c3d22f62b415c, type: 3}
      propertyPath: m_RootOrder
      value: 12
      objectReference: {fileID: 0}
    - target: {fileID: 400932373507683898, guid: 2c25fc7fce77d714498c3d22f62b415c, type: 3}
      propertyPath: m_LocalPosition.x
      value: 1.51
      objectReference: {fileID: 0}
    - target: {fileID: 400932373507683898, guid: 2c25fc7fce77d714498c3d22f62b415c, type: 3}
      propertyPath: m_LocalPosition.y
      value: 0.0029608011
      objectReference: {fileID: 0}
    - target: {fileID: 400932373507683898, guid: 2c25fc7fce77d714498c3d22f62b415c, type: 3}
      propertyPath: m_LocalPosition.z
      value: -6.57
      objectReference: {fileID: 0}
    - target: {fileID: 400932373507683898, guid: 2c25fc7fce77d714498c3d22f62b415c, type: 3}
      propertyPath: m_LocalRotation.w
      value: 0.7071068
      objectReference: {fileID: 0}
    - target: {fileID: 400932373507683898, guid: 2c25fc7fce77d714498c3d22f62b415c, type: 3}
      propertyPath: m_LocalRotation.x
      value: 0
      objectReference: {fileID: 0}
    - target: {fileID: 400932373507683898, guid: 2c25fc7fce77d714498c3d22f62b415c, type: 3}
      propertyPath: m_LocalRotation.y
      value: -0.7071068
      objectReference: {fileID: 0}
    - target: {fileID: 400932373507683898, guid: 2c25fc7fce77d714498c3d22f62b415c, type: 3}
      propertyPath: m_LocalRotation.z
      value: 0
      objectReference: {fileID: 0}
    - target: {fileID: 400932373507683898, guid: 2c25fc7fce77d714498c3d22f62b415c, type: 3}
      propertyPath: m_LocalEulerAnglesHint.x
      value: 0
      objectReference: {fileID: 0}
    - target: {fileID: 400932373507683898, guid: 2c25fc7fce77d714498c3d22f62b415c, type: 3}
      propertyPath: m_LocalEulerAnglesHint.y
      value: -90
      objectReference: {fileID: 0}
    - target: {fileID: 400932373507683898, guid: 2c25fc7fce77d714498c3d22f62b415c, type: 3}
      propertyPath: m_LocalEulerAnglesHint.z
      value: 0
      objectReference: {fileID: 0}
    - target: {fileID: 789350723054785407, guid: 2c25fc7fce77d714498c3d22f62b415c, type: 3}
      propertyPath: _capacity
      value: 1
      objectReference: {fileID: 0}
    - target: {fileID: 1070648837918518400, guid: 2c25fc7fce77d714498c3d22f62b415c, type: 3}
      propertyPath: m_Name
      value: R1_bedroom_desk_2
      objectReference: {fileID: 0}
    - target: {fileID: 8327174998109126147, guid: 2c25fc7fce77d714498c3d22f62b415c, type: 3}
      propertyPath: addToServiceOnStart
      value: 1
      objectReference: {fileID: 0}
    - target: {fileID: 8974030898051398474, guid: 2c25fc7fce77d714498c3d22f62b415c, type: 3}
      propertyPath: workingZones.Array.size
      value: 3
      objectReference: {fileID: 0}
    - target: {fileID: 8974030898051398474, guid: 2c25fc7fce77d714498c3d22f62b415c, type: 3}
      propertyPath: workingZones.Array.data[2]
      value: 
      objectReference: {fileID: 2640231023830258734}
    m_RemovedComponents: []
  m_SourcePrefab: {fileID: 100100000, guid: 2c25fc7fce77d714498c3d22f62b415c, type: 3}
--- !u!4 &2584501912975150860 stripped
Transform:
  m_CorrespondingSourceObject: {fileID: 400932373507683898, guid: 2c25fc7fce77d714498c3d22f62b415c, type: 3}
  m_PrefabInstance: {fileID: 2760032663188453686}
  m_PrefabAsset: {fileID: 0}
--- !u!114 &2640231023830258734 stripped
MonoBehaviour:
  m_CorrespondingSourceObject: {fileID: 211219713446702360, guid: 2c25fc7fce77d714498c3d22f62b415c, type: 3}
  m_PrefabInstance: {fileID: 2760032663188453686}
  m_PrefabAsset: {fileID: 0}
  m_GameObject: {fileID: 0}
  m_Enabled: 1
  m_EditorHideFlags: 0
  m_Script: {fileID: 11500000, guid: cbce59df0d224021b7dcd20ffee48da8, type: 3}
  m_Name: 
  m_EditorClassIdentifier: 
--- !u!1001 &3643617560543665695
PrefabInstance:
  m_ObjectHideFlags: 0
  serializedVersion: 2
  m_Modification:
    m_TransformParent: {fileID: 5508947085421400862}
    m_Modifications:
    - target: {fileID: 279567539960254500, guid: 016aaf4f0d336844b9cc775ff7208256, type: 3}
      propertyPath: m_RootOrder
      value: 3
      objectReference: {fileID: 0}
    - target: {fileID: 279567539960254500, guid: 016aaf4f0d336844b9cc775ff7208256, type: 3}
      propertyPath: m_LocalPosition.x
      value: -4.542
      objectReference: {fileID: 0}
    - target: {fileID: 279567539960254500, guid: 016aaf4f0d336844b9cc775ff7208256, type: 3}
      propertyPath: m_LocalPosition.y
      value: 0.168
      objectReference: {fileID: 0}
    - target: {fileID: 279567539960254500, guid: 016aaf4f0d336844b9cc775ff7208256, type: 3}
      propertyPath: m_LocalPosition.z
      value: -9.973
      objectReference: {fileID: 0}
    - target: {fileID: 279567539960254500, guid: 016aaf4f0d336844b9cc775ff7208256, type: 3}
      propertyPath: m_LocalRotation.w
      value: 1
      objectReference: {fileID: 0}
    - target: {fileID: 279567539960254500, guid: 016aaf4f0d336844b9cc775ff7208256, type: 3}
      propertyPath: m_LocalRotation.x
      value: -0
      objectReference: {fileID: 0}
    - target: {fileID: 279567539960254500, guid: 016aaf4f0d336844b9cc775ff7208256, type: 3}
      propertyPath: m_LocalRotation.y
      value: -0
      objectReference: {fileID: 0}
    - target: {fileID: 279567539960254500, guid: 016aaf4f0d336844b9cc775ff7208256, type: 3}
      propertyPath: m_LocalRotation.z
      value: -0
      objectReference: {fileID: 0}
    - target: {fileID: 279567539960254500, guid: 016aaf4f0d336844b9cc775ff7208256, type: 3}
      propertyPath: m_LocalEulerAnglesHint.x
      value: 0
      objectReference: {fileID: 0}
    - target: {fileID: 279567539960254500, guid: 016aaf4f0d336844b9cc775ff7208256, type: 3}
      propertyPath: m_LocalEulerAnglesHint.y
      value: 0
      objectReference: {fileID: 0}
    - target: {fileID: 279567539960254500, guid: 016aaf4f0d336844b9cc775ff7208256, type: 3}
      propertyPath: m_LocalEulerAnglesHint.z
      value: 0
      objectReference: {fileID: 0}
    - target: {fileID: 1446535390110915060, guid: 016aaf4f0d336844b9cc775ff7208256, type: 3}
      propertyPath: m_Name
      value: R1_smoking_spot
      objectReference: {fileID: 0}
    - target: {fileID: 3461347868828456780, guid: 016aaf4f0d336844b9cc775ff7208256, type: 3}
      propertyPath: workingZones.Array.size
      value: 3
      objectReference: {fileID: 0}
    - target: {fileID: 3461347868828456780, guid: 016aaf4f0d336844b9cc775ff7208256, type: 3}
      propertyPath: workingZones.Array.data[2]
      value: 
      objectReference: {fileID: 2240643873286817575}
    - target: {fileID: 4227330890555334604, guid: 016aaf4f0d336844b9cc775ff7208256, type: 3}
      propertyPath: _service
      value: 
      objectReference: {fileID: 11400000, guid: 2bb43c32f6d3cf14b805ae55c2016f74, type: 2}
    - target: {fileID: 7845411091388943394, guid: 016aaf4f0d336844b9cc775ff7208256, type: 3}
      propertyPath: _capacity
      value: 1
      objectReference: {fileID: 0}
    m_RemovedComponents: []
  m_SourcePrefab: {fileID: 100100000, guid: 016aaf4f0d336844b9cc775ff7208256, type: 3}
--- !u!114 &2240643873286817575 stripped
MonoBehaviour:
  m_CorrespondingSourceObject: {fileID: 3281126757821716792, guid: 016aaf4f0d336844b9cc775ff7208256, type: 3}
  m_PrefabInstance: {fileID: 3643617560543665695}
  m_PrefabAsset: {fileID: 0}
  m_GameObject: {fileID: 0}
  m_Enabled: 1
  m_EditorHideFlags: 0
  m_Script: {fileID: 11500000, guid: cbce59df0d224021b7dcd20ffee48da8, type: 3}
  m_Name: 
  m_EditorClassIdentifier: 
--- !u!4 &3562773845424934459 stripped
Transform:
  m_CorrespondingSourceObject: {fileID: 279567539960254500, guid: 016aaf4f0d336844b9cc775ff7208256, type: 3}
  m_PrefabInstance: {fileID: 3643617560543665695}
  m_PrefabAsset: {fileID: 0}
--- !u!1001 &3643617560856653103
PrefabInstance:
  m_ObjectHideFlags: 0
  serializedVersion: 2
  m_Modification:
    m_TransformParent: {fileID: 5508947085421400862}
    m_Modifications:
    - target: {fileID: 1187917635940423753, guid: 06f0fe76b2caceb4c9e8e15841b5057e, type: 3}
      propertyPath: onUpgraded.m_PersistentCalls.m_Calls.Array.size
      value: 1
      objectReference: {fileID: 0}
    - target: {fileID: 1187917635940423753, guid: 06f0fe76b2caceb4c9e8e15841b5057e, type: 3}
      propertyPath: onActivated.m_PersistentCalls.m_Calls.Array.size
      value: 1
      objectReference: {fileID: 0}
    - target: {fileID: 1187917635940423753, guid: 06f0fe76b2caceb4c9e8e15841b5057e, type: 3}
      propertyPath: onUpgraded.m_PersistentCalls.m_Calls.Array.data[0].m_Mode
      value: 1
      objectReference: {fileID: 0}
    - target: {fileID: 1187917635940423753, guid: 06f0fe76b2caceb4c9e8e15841b5057e, type: 3}
      propertyPath: onActivated.m_PersistentCalls.m_Calls.Array.data[0].m_Mode
      value: 1
      objectReference: {fileID: 0}
    - target: {fileID: 1187917635940423753, guid: 06f0fe76b2caceb4c9e8e15841b5057e, type: 3}
      propertyPath: onUpgraded.m_PersistentCalls.m_Calls.Array.data[0].m_Target
      value: 
      objectReference: {fileID: 3404583239183321251}
    - target: {fileID: 1187917635940423753, guid: 06f0fe76b2caceb4c9e8e15841b5057e, type: 3}
      propertyPath: onActivated.m_PersistentCalls.m_Calls.Array.data[0].m_Target
      value: 
      objectReference: {fileID: 3404583239183321251}
    - target: {fileID: 1187917635940423753, guid: 06f0fe76b2caceb4c9e8e15841b5057e, type: 3}
      propertyPath: onUpgraded.m_PersistentCalls.m_Calls.Array.data[0].m_CallState
      value: 2
      objectReference: {fileID: 0}
    - target: {fileID: 1187917635940423753, guid: 06f0fe76b2caceb4c9e8e15841b5057e, type: 3}
      propertyPath: onActivated.m_PersistentCalls.m_Calls.Array.data[0].m_CallState
      value: 2
      objectReference: {fileID: 0}
    - target: {fileID: 1187917635940423753, guid: 06f0fe76b2caceb4c9e8e15841b5057e, type: 3}
      propertyPath: onUpgraded.m_PersistentCalls.m_Calls.Array.data[0].m_MethodName
      value: Play
      objectReference: {fileID: 0}
    - target: {fileID: 1187917635940423753, guid: 06f0fe76b2caceb4c9e8e15841b5057e, type: 3}
      propertyPath: onActivated.m_PersistentCalls.m_Calls.Array.data[0].m_MethodName
      value: Play
      objectReference: {fileID: 0}
    - target: {fileID: 1187917635940423753, guid: 06f0fe76b2caceb4c9e8e15841b5057e, type: 3}
      propertyPath: onUpgraded.m_PersistentCalls.m_Calls.Array.data[0].m_TargetAssemblyTypeName
      value: UnityEngine.ParticleSystem, UnityEngine
      objectReference: {fileID: 0}
    - target: {fileID: 1187917635940423753, guid: 06f0fe76b2caceb4c9e8e15841b5057e, type: 3}
      propertyPath: onActivated.m_PersistentCalls.m_Calls.Array.data[0].m_TargetAssemblyTypeName
      value: UnityEngine.ParticleSystem, UnityEngine
      objectReference: {fileID: 0}
    - target: {fileID: 1187917635940423753, guid: 06f0fe76b2caceb4c9e8e15841b5057e, type: 3}
      propertyPath: onUpgraded.m_PersistentCalls.m_Calls.Array.data[0].m_Arguments.m_ObjectArgumentAssemblyTypeName
      value: UnityEngine.Object, UnityEngine
      objectReference: {fileID: 0}
    - target: {fileID: 1187917635940423753, guid: 06f0fe76b2caceb4c9e8e15841b5057e, type: 3}
      propertyPath: onActivated.m_PersistentCalls.m_Calls.Array.data[0].m_Arguments.m_ObjectArgumentAssemblyTypeName
      value: UnityEngine.Object, UnityEngine
      objectReference: {fileID: 0}
    - target: {fileID: 2563744962277170977, guid: 06f0fe76b2caceb4c9e8e15841b5057e, type: 3}
      propertyPath: m_RootOrder
      value: 0
      objectReference: {fileID: 0}
    - target: {fileID: 2563744962277170977, guid: 06f0fe76b2caceb4c9e8e15841b5057e, type: 3}
      propertyPath: m_LocalPosition.x
      value: 0.614
      objectReference: {fileID: 0}
    - target: {fileID: 2563744962277170977, guid: 06f0fe76b2caceb4c9e8e15841b5057e, type: 3}
      propertyPath: m_LocalPosition.y
      value: -0.009906411
      objectReference: {fileID: 0}
    - target: {fileID: 2563744962277170977, guid: 06f0fe76b2caceb4c9e8e15841b5057e, type: 3}
      propertyPath: m_LocalPosition.z
      value: -2.84
      objectReference: {fileID: 0}
    - target: {fileID: 2563744962277170977, guid: 06f0fe76b2caceb4c9e8e15841b5057e, type: 3}
      propertyPath: m_LocalRotation.w
      value: 1
      objectReference: {fileID: 0}
    - target: {fileID: 2563744962277170977, guid: 06f0fe76b2caceb4c9e8e15841b5057e, type: 3}
      propertyPath: m_LocalRotation.x
      value: 0
      objectReference: {fileID: 0}
    - target: {fileID: 2563744962277170977, guid: 06f0fe76b2caceb4c9e8e15841b5057e, type: 3}
      propertyPath: m_LocalRotation.y
      value: 0
      objectReference: {fileID: 0}
    - target: {fileID: 2563744962277170977, guid: 06f0fe76b2caceb4c9e8e15841b5057e, type: 3}
      propertyPath: m_LocalRotation.z
      value: 0
      objectReference: {fileID: 0}
    - target: {fileID: 2563744962277170977, guid: 06f0fe76b2caceb4c9e8e15841b5057e, type: 3}
      propertyPath: m_LocalEulerAnglesHint.x
      value: 0
      objectReference: {fileID: 0}
    - target: {fileID: 2563744962277170977, guid: 06f0fe76b2caceb4c9e8e15841b5057e, type: 3}
      propertyPath: m_LocalEulerAnglesHint.y
      value: 0
      objectReference: {fileID: 0}
    - target: {fileID: 2563744962277170977, guid: 06f0fe76b2caceb4c9e8e15841b5057e, type: 3}
      propertyPath: m_LocalEulerAnglesHint.z
      value: 0
      objectReference: {fileID: 0}
    - target: {fileID: 3775803202983843569, guid: 06f0fe76b2caceb4c9e8e15841b5057e, type: 3}
      propertyPath: m_Name
      value: R1_single_bed_1
      objectReference: {fileID: 0}
    m_RemovedComponents: []
  m_SourcePrefab: {fileID: 100100000, guid: 06f0fe76b2caceb4c9e8e15841b5057e, type: 3}
--- !u!4 &1226380599473091086 stripped
Transform:
  m_CorrespondingSourceObject: {fileID: 2563744962277170977, guid: 06f0fe76b2caceb4c9e8e15841b5057e, type: 3}
  m_PrefabInstance: {fileID: 3643617560856653103}
  m_PrefabAsset: {fileID: 0}
--- !u!198 &3404583239183321251 stripped
ParticleSystem:
  m_CorrespondingSourceObject: {fileID: 2138990707190867340, guid: 06f0fe76b2caceb4c9e8e15841b5057e, type: 3}
  m_PrefabInstance: {fileID: 3643617560856653103}
  m_PrefabAsset: {fileID: 0}
--- !u!1001 &4283466834461481313
PrefabInstance:
  m_ObjectHideFlags: 0
  serializedVersion: 2
  m_Modification:
    m_TransformParent: {fileID: 5508947085421400862}
    m_Modifications:
    - target: {fileID: 7697625682103328525, guid: be3c82d57c2e4154ca6cb77c1410a705, type: 3}
      propertyPath: m_RootOrder
      value: 4
      objectReference: {fileID: 0}
    - target: {fileID: 7697625682103328525, guid: be3c82d57c2e4154ca6cb77c1410a705, type: 3}
      propertyPath: m_LocalPosition.x
      value: 3.9799998
      objectReference: {fileID: 0}
    - target: {fileID: 7697625682103328525, guid: be3c82d57c2e4154ca6cb77c1410a705, type: 3}
      propertyPath: m_LocalPosition.y
      value: 0
      objectReference: {fileID: 0}
    - target: {fileID: 7697625682103328525, guid: be3c82d57c2e4154ca6cb77c1410a705, type: 3}
      propertyPath: m_LocalPosition.z
      value: -3.6500006
      objectReference: {fileID: 0}
    - target: {fileID: 7697625682103328525, guid: be3c82d57c2e4154ca6cb77c1410a705, type: 3}
      propertyPath: m_LocalRotation.w
      value: 1
      objectReference: {fileID: 0}
    - target: {fileID: 7697625682103328525, guid: be3c82d57c2e4154ca6cb77c1410a705, type: 3}
      propertyPath: m_LocalRotation.x
      value: -0
      objectReference: {fileID: 0}
    - target: {fileID: 7697625682103328525, guid: be3c82d57c2e4154ca6cb77c1410a705, type: 3}
      propertyPath: m_LocalRotation.y
      value: -0
      objectReference: {fileID: 0}
    - target: {fileID: 7697625682103328525, guid: be3c82d57c2e4154ca6cb77c1410a705, type: 3}
      propertyPath: m_LocalRotation.z
      value: -0
      objectReference: {fileID: 0}
    - target: {fileID: 7697625682103328525, guid: be3c82d57c2e4154ca6cb77c1410a705, type: 3}
      propertyPath: m_LocalEulerAnglesHint.x
      value: 0
      objectReference: {fileID: 0}
    - target: {fileID: 7697625682103328525, guid: be3c82d57c2e4154ca6cb77c1410a705, type: 3}
      propertyPath: m_LocalEulerAnglesHint.y
      value: 0
      objectReference: {fileID: 0}
    - target: {fileID: 7697625682103328525, guid: be3c82d57c2e4154ca6cb77c1410a705, type: 3}
      propertyPath: m_LocalEulerAnglesHint.z
      value: 0
      objectReference: {fileID: 0}
    - target: {fileID: 9016607439107741405, guid: be3c82d57c2e4154ca6cb77c1410a705, type: 3}
      propertyPath: m_Name
      value: R1_Decor
      objectReference: {fileID: 0}
    m_RemovedComponents: []
  m_SourcePrefab: {fileID: 100100000, guid: be3c82d57c2e4154ca6cb77c1410a705, type: 3}
--- !u!4 &5882435183529887340 stripped
Transform:
  m_CorrespondingSourceObject: {fileID: 7697625682103328525, guid: be3c82d57c2e4154ca6cb77c1410a705, type: 3}
  m_PrefabInstance: {fileID: 4283466834461481313}
  m_PrefabAsset: {fileID: 0}
--- !u!1001 &4444958170771408985
PrefabInstance:
  m_ObjectHideFlags: 0
  serializedVersion: 2
  m_Modification:
    m_TransformParent: {fileID: 5508947085421400862}
    m_Modifications:
    - target: {fileID: 4867662357410649004, guid: e3d4c90491476d444afcddd74d492b0d, type: 3}
      propertyPath: m_Name
      value: 'R1_single_bed_2 '
      objectReference: {fileID: 0}
    - target: {fileID: 6088708815096158844, guid: e3d4c90491476d444afcddd74d492b0d, type: 3}
      propertyPath: m_RootOrder
      value: 1
      objectReference: {fileID: 0}
    - target: {fileID: 6088708815096158844, guid: e3d4c90491476d444afcddd74d492b0d, type: 3}
      propertyPath: m_LocalPosition.x
      value: 4.688
      objectReference: {fileID: 0}
    - target: {fileID: 6088708815096158844, guid: e3d4c90491476d444afcddd74d492b0d, type: 3}
      propertyPath: m_LocalPosition.y
      value: -0.009906411
      objectReference: {fileID: 0}
    - target: {fileID: 6088708815096158844, guid: e3d4c90491476d444afcddd74d492b0d, type: 3}
      propertyPath: m_LocalPosition.z
      value: -3.19
      objectReference: {fileID: 0}
    - target: {fileID: 6088708815096158844, guid: e3d4c90491476d444afcddd74d492b0d, type: 3}
      propertyPath: m_LocalRotation.w
      value: 1
      objectReference: {fileID: 0}
    - target: {fileID: 6088708815096158844, guid: e3d4c90491476d444afcddd74d492b0d, type: 3}
      propertyPath: m_LocalRotation.x
      value: 0
      objectReference: {fileID: 0}
    - target: {fileID: 6088708815096158844, guid: e3d4c90491476d444afcddd74d492b0d, type: 3}
      propertyPath: m_LocalRotation.y
      value: 0
      objectReference: {fileID: 0}
    - target: {fileID: 6088708815096158844, guid: e3d4c90491476d444afcddd74d492b0d, type: 3}
      propertyPath: m_LocalRotation.z
      value: 0
      objectReference: {fileID: 0}
    - target: {fileID: 6088708815096158844, guid: e3d4c90491476d444afcddd74d492b0d, type: 3}
      propertyPath: m_LocalEulerAnglesHint.x
      value: 0
      objectReference: {fileID: 0}
    - target: {fileID: 6088708815096158844, guid: e3d4c90491476d444afcddd74d492b0d, type: 3}
      propertyPath: m_LocalEulerAnglesHint.y
      value: 0
      objectReference: {fileID: 0}
    - target: {fileID: 6088708815096158844, guid: e3d4c90491476d444afcddd74d492b0d, type: 3}
      propertyPath: m_LocalEulerAnglesHint.z
      value: 0
      objectReference: {fileID: 0}
    m_RemovedComponents: []
  m_SourcePrefab: {fileID: 100100000, guid: e3d4c90491476d444afcddd74d492b0d, type: 3}
--- !u!4 &7624833379939406373 stripped
Transform:
  m_CorrespondingSourceObject: {fileID: 6088708815096158844, guid: e3d4c90491476d444afcddd74d492b0d, type: 3}
  m_PrefabInstance: {fileID: 4444958170771408985}
  m_PrefabAsset: {fileID: 0}
--- !u!1001 &5215302411376181125
PrefabInstance:
  m_ObjectHideFlags: 0
  serializedVersion: 2
  m_Modification:
    m_TransformParent: {fileID: 5508947085421400862}
    m_Modifications:
    - target: {fileID: 1631460569667173838, guid: 0a3d869e75c20634691660f3f97a98df, type: 3}
      propertyPath: addToServiceOnStart
      value: 1
      objectReference: {fileID: 0}
    - target: {fileID: 3807966053621067677, guid: 0a3d869e75c20634691660f3f97a98df, type: 3}
      propertyPath: _capacity
      value: 1
      objectReference: {fileID: 0}
    - target: {fileID: 5488695407685286475, guid: 0a3d869e75c20634691660f3f97a98df, type: 3}
      propertyPath: m_Name
      value: R1_washbasin_1
      objectReference: {fileID: 0}
    - target: {fileID: 6566683626627352935, guid: 0a3d869e75c20634691660f3f97a98df, type: 3}
      propertyPath: _service
      value: 
      objectReference: {fileID: 11400000, guid: 2bb43c32f6d3cf14b805ae55c2016f74, type: 2}
    - target: {fileID: 6618560903140750235, guid: 0a3d869e75c20634691660f3f97a98df, type: 3}
      propertyPath: m_RootOrder
      value: 8
      objectReference: {fileID: 0}
    - target: {fileID: 6618560903140750235, guid: 0a3d869e75c20634691660f3f97a98df, type: 3}
      propertyPath: m_LocalPosition.x
      value: 7.32
      objectReference: {fileID: 0}
    - target: {fileID: 6618560903140750235, guid: 0a3d869e75c20634691660f3f97a98df, type: 3}
      propertyPath: m_LocalPosition.y
      value: 0.043000102
      objectReference: {fileID: 0}
    - target: {fileID: 6618560903140750235, guid: 0a3d869e75c20634691660f3f97a98df, type: 3}
      propertyPath: m_LocalPosition.z
      value: 0.22
      objectReference: {fileID: 0}
    - target: {fileID: 6618560903140750235, guid: 0a3d869e75c20634691660f3f97a98df, type: 3}
      propertyPath: m_LocalRotation.w
      value: 0.7071068
      objectReference: {fileID: 0}
    - target: {fileID: 6618560903140750235, guid: 0a3d869e75c20634691660f3f97a98df, type: 3}
      propertyPath: m_LocalRotation.x
      value: 0
      objectReference: {fileID: 0}
    - target: {fileID: 6618560903140750235, guid: 0a3d869e75c20634691660f3f97a98df, type: 3}
      propertyPath: m_LocalRotation.y
      value: 0.7071068
      objectReference: {fileID: 0}
    - target: {fileID: 6618560903140750235, guid: 0a3d869e75c20634691660f3f97a98df, type: 3}
      propertyPath: m_LocalRotation.z
      value: 0
      objectReference: {fileID: 0}
    - target: {fileID: 6618560903140750235, guid: 0a3d869e75c20634691660f3f97a98df, type: 3}
      propertyPath: m_LocalEulerAnglesHint.x
      value: 0
      objectReference: {fileID: 0}
    - target: {fileID: 6618560903140750235, guid: 0a3d869e75c20634691660f3f97a98df, type: 3}
      propertyPath: m_LocalEulerAnglesHint.y
      value: 90
      objectReference: {fileID: 0}
    - target: {fileID: 6618560903140750235, guid: 0a3d869e75c20634691660f3f97a98df, type: 3}
      propertyPath: m_LocalEulerAnglesHint.z
      value: 0
      objectReference: {fileID: 0}
    - target: {fileID: 7508009297576654067, guid: 0a3d869e75c20634691660f3f97a98df, type: 3}
      propertyPath: workingZones.Array.size
      value: 3
      objectReference: {fileID: 0}
    - target: {fileID: 7508009297576654067, guid: 0a3d869e75c20634691660f3f97a98df, type: 3}
      propertyPath: workingZones.Array.data[2]
      value: 
      objectReference: {fileID: 4454198220991431938}
    m_RemovedComponents: []
  m_SourcePrefab: {fileID: 100100000, guid: 0a3d869e75c20634691660f3f97a98df, type: 3}
--- !u!4 &1421347453322300446 stripped
Transform:
  m_CorrespondingSourceObject: {fileID: 6618560903140750235, guid: 0a3d869e75c20634691660f3f97a98df, type: 3}
  m_PrefabInstance: {fileID: 5215302411376181125}
  m_PrefabAsset: {fileID: 0}
--- !u!114 &4454198220991431938 stripped
MonoBehaviour:
  m_CorrespondingSourceObject: {fileID: 8480282803660896903, guid: 0a3d869e75c20634691660f3f97a98df, type: 3}
  m_PrefabInstance: {fileID: 5215302411376181125}
  m_PrefabAsset: {fileID: 0}
  m_GameObject: {fileID: 0}
  m_Enabled: 1
  m_EditorHideFlags: 0
  m_Script: {fileID: 11500000, guid: cbce59df0d224021b7dcd20ffee48da8, type: 3}
  m_Name: 
  m_EditorClassIdentifier: 
--- !u!1001 &7962787919091151272
PrefabInstance:
  m_ObjectHideFlags: 0
  serializedVersion: 2
  m_Modification:
    m_TransformParent: {fileID: 5508947085421400862}
    m_Modifications:
    - target: {fileID: 915099877620970614, guid: 9ea8ec3f0e5bdde4193dd632a2aa66cc, type: 3}
      propertyPath: m_Name
      value: R1_toilet_1
      objectReference: {fileID: 0}
    - target: {fileID: 1963867449057213862, guid: 9ea8ec3f0e5bdde4193dd632a2aa66cc, type: 3}
      propertyPath: m_RootOrder
      value: 5
      objectReference: {fileID: 0}
    - target: {fileID: 1963867449057213862, guid: 9ea8ec3f0e5bdde4193dd632a2aa66cc, type: 3}
      propertyPath: m_LocalPosition.x
      value: 0.751
      objectReference: {fileID: 0}
    - target: {fileID: 1963867449057213862, guid: 9ea8ec3f0e5bdde4193dd632a2aa66cc, type: 3}
      propertyPath: m_LocalPosition.y
      value: 0.04
      objectReference: {fileID: 0}
    - target: {fileID: 1963867449057213862, guid: 9ea8ec3f0e5bdde4193dd632a2aa66cc, type: 3}
      propertyPath: m_LocalPosition.z
      value: -0.018
      objectReference: {fileID: 0}
    - target: {fileID: 1963867449057213862, guid: 9ea8ec3f0e5bdde4193dd632a2aa66cc, type: 3}
      propertyPath: m_LocalRotation.w
      value: 0.7071068
      objectReference: {fileID: 0}
    - target: {fileID: 1963867449057213862, guid: 9ea8ec3f0e5bdde4193dd632a2aa66cc, type: 3}
      propertyPath: m_LocalRotation.x
      value: 0
      objectReference: {fileID: 0}
    - target: {fileID: 1963867449057213862, guid: 9ea8ec3f0e5bdde4193dd632a2aa66cc, type: 3}
      propertyPath: m_LocalRotation.y
      value: 0.7071068
      objectReference: {fileID: 0}
    - target: {fileID: 1963867449057213862, guid: 9ea8ec3f0e5bdde4193dd632a2aa66cc, type: 3}
      propertyPath: m_LocalRotation.z
      value: 0
      objectReference: {fileID: 0}
    - target: {fileID: 1963867449057213862, guid: 9ea8ec3f0e5bdde4193dd632a2aa66cc, type: 3}
      propertyPath: m_LocalEulerAnglesHint.x
      value: 0
      objectReference: {fileID: 0}
    - target: {fileID: 1963867449057213862, guid: 9ea8ec3f0e5bdde4193dd632a2aa66cc, type: 3}
      propertyPath: m_LocalEulerAnglesHint.y
      value: 90
      objectReference: {fileID: 0}
    - target: {fileID: 1963867449057213862, guid: 9ea8ec3f0e5bdde4193dd632a2aa66cc, type: 3}
      propertyPath: m_LocalEulerAnglesHint.z
      value: 0
      objectReference: {fileID: 0}
    - target: {fileID: 2929903493640436430, guid: 9ea8ec3f0e5bdde4193dd632a2aa66cc, type: 3}
      propertyPath: workingZones.Array.size
      value: 3
      objectReference: {fileID: 0}
    - target: {fileID: 2929903493640436430, guid: 9ea8ec3f0e5bdde4193dd632a2aa66cc, type: 3}
      propertyPath: workingZones.Array.data[2]
      value: 
      objectReference: {fileID: 6604898508032132370}
    - target: {fileID: 6214063307594052595, guid: 9ea8ec3f0e5bdde4193dd632a2aa66cc, type: 3}
      propertyPath: addToServiceOnStart
      value: 1
      objectReference: {fileID: 0}
    - target: {fileID: 7066206293798541393, guid: 9ea8ec3f0e5bdde4193dd632a2aa66cc, type: 3}
      propertyPath: _service
      value: 
      objectReference: {fileID: 11400000, guid: 2bb43c32f6d3cf14b805ae55c2016f74, type: 2}
    - target: {fileID: 8376776577658888608, guid: 9ea8ec3f0e5bdde4193dd632a2aa66cc, type: 3}
      propertyPath: _capacity
      value: 1
      objectReference: {fileID: 0}
    m_RemovedComponents: []
  m_SourcePrefab: {fileID: 100100000, guid: 9ea8ec3f0e5bdde4193dd632a2aa66cc, type: 3}
--- !u!114 &6604898508032132370 stripped
MonoBehaviour:
  m_CorrespondingSourceObject: {fileID: 3830541687419073722, guid: 9ea8ec3f0e5bdde4193dd632a2aa66cc, type: 3}
  m_PrefabInstance: {fileID: 7962787919091151272}
  m_PrefabAsset: {fileID: 0}
  m_GameObject: {fileID: 0}
  m_Enabled: 1
  m_EditorHideFlags: 0
  m_Script: {fileID: 11500000, guid: cbce59df0d224021b7dcd20ffee48da8, type: 3}
  m_Name: 
  m_EditorClassIdentifier: 
--- !u!4 &8484938267982220302 stripped
Transform:
  m_CorrespondingSourceObject: {fileID: 1963867449057213862, guid: 9ea8ec3f0e5bdde4193dd632a2aa66cc, type: 3}
  m_PrefabInstance: {fileID: 7962787919091151272}
  m_PrefabAsset: {fileID: 0}
--- !u!1001 &7992005166324476026
PrefabInstance:
  m_ObjectHideFlags: 0
  serializedVersion: 2
  m_Modification:
    m_TransformParent: {fileID: 5508947085421400862}
    m_Modifications:
    - target: {fileID: 216307502326642108, guid: 97c4b5e607aeaa14a9a8d94f0f6ef140, type: 3}
      propertyPath: m_RootOrder
      value: 6
      objectReference: {fileID: 0}
    - target: {fileID: 216307502326642108, guid: 97c4b5e607aeaa14a9a8d94f0f6ef140, type: 3}
      propertyPath: m_LocalPosition.x
      value: 4.82
      objectReference: {fileID: 0}
    - target: {fileID: 216307502326642108, guid: 97c4b5e607aeaa14a9a8d94f0f6ef140, type: 3}
      propertyPath: m_LocalPosition.y
      value: -0.0042563677
      objectReference: {fileID: 0}
    - target: {fileID: 216307502326642108, guid: 97c4b5e607aeaa14a9a8d94f0f6ef140, type: 3}
      propertyPath: m_LocalPosition.z
      value: 3.752
      objectReference: {fileID: 0}
    - target: {fileID: 216307502326642108, guid: 97c4b5e607aeaa14a9a8d94f0f6ef140, type: 3}
      propertyPath: m_LocalRotation.w
      value: 1
      objectReference: {fileID: 0}
    - target: {fileID: 216307502326642108, guid: 97c4b5e607aeaa14a9a8d94f0f6ef140, type: 3}
      propertyPath: m_LocalRotation.x
      value: 0
      objectReference: {fileID: 0}
    - target: {fileID: 216307502326642108, guid: 97c4b5e607aeaa14a9a8d94f0f6ef140, type: 3}
      propertyPath: m_LocalRotation.y
      value: 0
      objectReference: {fileID: 0}
    - target: {fileID: 216307502326642108, guid: 97c4b5e607aeaa14a9a8d94f0f6ef140, type: 3}
      propertyPath: m_LocalRotation.z
      value: 0
      objectReference: {fileID: 0}
    - target: {fileID: 216307502326642108, guid: 97c4b5e607aeaa14a9a8d94f0f6ef140, type: 3}
      propertyPath: m_LocalEulerAnglesHint.x
      value: 0
      objectReference: {fileID: 0}
    - target: {fileID: 216307502326642108, guid: 97c4b5e607aeaa14a9a8d94f0f6ef140, type: 3}
      propertyPath: m_LocalEulerAnglesHint.y
      value: 0
      objectReference: {fileID: 0}
    - target: {fileID: 216307502326642108, guid: 97c4b5e607aeaa14a9a8d94f0f6ef140, type: 3}
      propertyPath: m_LocalEulerAnglesHint.z
      value: 0
      objectReference: {fileID: 0}
    - target: {fileID: 1509378713118473324, guid: 97c4b5e607aeaa14a9a8d94f0f6ef140, type: 3}
      propertyPath: m_Name
      value: R1_toilet_2
      objectReference: {fileID: 0}
    - target: {fileID: 3524187897596130004, guid: 97c4b5e607aeaa14a9a8d94f0f6ef140, type: 3}
      propertyPath: workingZones.Array.size
      value: 3
      objectReference: {fileID: 0}
    - target: {fileID: 3524187897596130004, guid: 97c4b5e607aeaa14a9a8d94f0f6ef140, type: 3}
      propertyPath: workingZones.Array.data[2]
      value: 
      objectReference: {fileID: 4864145470135768282}
    - target: {fileID: 5655883601351359465, guid: 97c4b5e607aeaa14a9a8d94f0f6ef140, type: 3}
      propertyPath: addToServiceOnStart
      value: 1
      objectReference: {fileID: 0}
    - target: {fileID: 7782568042462194106, guid: 97c4b5e607aeaa14a9a8d94f0f6ef140, type: 3}
      propertyPath: _capacity
      value: 1
      objectReference: {fileID: 0}
    - target: {fileID: 8813897016075767883, guid: 97c4b5e607aeaa14a9a8d94f0f6ef140, type: 3}
      propertyPath: _service
      value: 
      objectReference: {fileID: 11400000, guid: 2bb43c32f6d3cf14b805ae55c2016f74, type: 2}
    m_RemovedComponents: []
  m_SourcePrefab: {fileID: 100100000, guid: 97c4b5e607aeaa14a9a8d94f0f6ef140, type: 3}
--- !u!114 &4864145470135768282 stripped
MonoBehaviour:
  m_CorrespondingSourceObject: {fileID: 3272327827564788896, guid: 97c4b5e607aeaa14a9a8d94f0f6ef140, type: 3}
  m_PrefabInstance: {fileID: 7992005166324476026}
  m_PrefabAsset: {fileID: 0}
  m_GameObject: {fileID: 0}
  m_Enabled: 1
  m_EditorHideFlags: 0
  m_Script: {fileID: 11500000, guid: cbce59df0d224021b7dcd20ffee48da8, type: 3}
  m_Name: 
  m_EditorClassIdentifier: 
--- !u!4 &7919919539401596358 stripped
Transform:
  m_CorrespondingSourceObject: {fileID: 216307502326642108, guid: 97c4b5e607aeaa14a9a8d94f0f6ef140, type: 3}
  m_PrefabInstance: {fileID: 7992005166324476026}
  m_PrefabAsset: {fileID: 0}
--- !u!1001 &8633253650997699414
PrefabInstance:
  m_ObjectHideFlags: 0
  serializedVersion: 2
  m_Modification:
    m_TransformParent: {fileID: 5508947085421400862}
    m_Modifications:
    - target: {fileID: 521443936486107999, guid: e490d7e10581cdf47a05f6ba787a0de7, type: 3}
      propertyPath: _service
      value: 
      objectReference: {fileID: 11400000, guid: 2bb43c32f6d3cf14b805ae55c2016f74, type: 2}
    - target: {fileID: 616039853185711541, guid: e490d7e10581cdf47a05f6ba787a0de7, type: 3}
      propertyPath: m_Name
      value: R1_chair_and_tv
      objectReference: {fileID: 0}
    - target: {fileID: 2269398099590263909, guid: e490d7e10581cdf47a05f6ba787a0de7, type: 3}
      propertyPath: m_RootOrder
      value: 2
      objectReference: {fileID: 0}
    - target: {fileID: 2269398099590263909, guid: e490d7e10581cdf47a05f6ba787a0de7, type: 3}
      propertyPath: m_LocalPosition.x
      value: 5.97
      objectReference: {fileID: 0}
    - target: {fileID: 2269398099590263909, guid: e490d7e10581cdf47a05f6ba787a0de7, type: 3}
      propertyPath: m_LocalPosition.y
      value: -0.0042563677
      objectReference: {fileID: 0}
    - target: {fileID: 2269398099590263909, guid: e490d7e10581cdf47a05f6ba787a0de7, type: 3}
      propertyPath: m_LocalPosition.z
      value: -6.08
      objectReference: {fileID: 0}
    - target: {fileID: 2269398099590263909, guid: e490d7e10581cdf47a05f6ba787a0de7, type: 3}
      propertyPath: m_LocalRotation.w
      value: 0.9943271
      objectReference: {fileID: 0}
    - target: {fileID: 2269398099590263909, guid: e490d7e10581cdf47a05f6ba787a0de7, type: 3}
      propertyPath: m_LocalRotation.x
      value: -0
      objectReference: {fileID: 0}
    - target: {fileID: 2269398099590263909, guid: e490d7e10581cdf47a05f6ba787a0de7, type: 3}
      propertyPath: m_LocalRotation.y
      value: -0.106365286
      objectReference: {fileID: 0}
    - target: {fileID: 2269398099590263909, guid: e490d7e10581cdf47a05f6ba787a0de7, type: 3}
      propertyPath: m_LocalRotation.z
      value: -0
      objectReference: {fileID: 0}
    - target: {fileID: 2269398099590263909, guid: e490d7e10581cdf47a05f6ba787a0de7, type: 3}
      propertyPath: m_LocalEulerAnglesHint.x
      value: 0
      objectReference: {fileID: 0}
    - target: {fileID: 2269398099590263909, guid: e490d7e10581cdf47a05f6ba787a0de7, type: 3}
      propertyPath: m_LocalEulerAnglesHint.y
      value: -12.212
      objectReference: {fileID: 0}
    - target: {fileID: 2269398099590263909, guid: e490d7e10581cdf47a05f6ba787a0de7, type: 3}
      propertyPath: m_LocalEulerAnglesHint.z
      value: 0
      objectReference: {fileID: 0}
    - target: {fileID: 3212915029445374733, guid: e490d7e10581cdf47a05f6ba787a0de7, type: 3}
      propertyPath: workingZones.Array.size
      value: 3
      objectReference: {fileID: 0}
    - target: {fileID: 3212915029445374733, guid: e490d7e10581cdf47a05f6ba787a0de7, type: 3}
      propertyPath: workingZones.Array.data[2]
      value: 
      objectReference: {fileID: 5104867204394409519}
    - target: {fileID: 8106412724410148963, guid: e490d7e10581cdf47a05f6ba787a0de7, type: 3}
      propertyPath: _capacity
      value: 1
      objectReference: {fileID: 0}
    m_RemovedComponents: []
  m_SourcePrefab: {fileID: 100100000, guid: e490d7e10581cdf47a05f6ba787a0de7, type: 3}
--- !u!114 &5104867204394409519 stripped
MonoBehaviour:
  m_CorrespondingSourceObject: {fileID: 3537397018093141369, guid: e490d7e10581cdf47a05f6ba787a0de7, type: 3}
  m_PrefabInstance: {fileID: 8633253650997699414}
  m_PrefabAsset: {fileID: 0}
  m_GameObject: {fileID: 0}
  m_Enabled: 1
  m_EditorHideFlags: 0
  m_Script: {fileID: 11500000, guid: cbce59df0d224021b7dcd20ffee48da8, type: 3}
  m_Name: 
  m_EditorClassIdentifier: 
--- !u!4 &7544092293042132787 stripped
Transform:
  m_CorrespondingSourceObject: {fileID: 2269398099590263909, guid: e490d7e10581cdf47a05f6ba787a0de7, type: 3}
  m_PrefabInstance: {fileID: 8633253650997699414}
  m_PrefabAsset: {fileID: 0}
