%YAML 1.1
%TAG !u! tag:unity3d.com,2011:
--- !u!1 &2067508455485003619
GameObject:
  m_ObjectHideFlags: 0
  m_CorrespondingSourceObject: {fileID: 0}
  m_PrefabInstance: {fileID: 0}
  m_PrefabAsset: {fileID: 0}
  serializedVersion: 6
  m_Component:
  - component: {fileID: 8316757509332450239}
  m_Layer: 0
  m_Name: Room1_floor_lvl_3
  m_TagString: Untagged
  m_Icon: {fileID: 0}
  m_NavMeshLayer: 0
  m_StaticEditorFlags: 0
  m_IsActive: 1
--- !u!4 &8316757509332450239
Transform:
  m_ObjectHideFlags: 0
  m_CorrespondingSourceObject: {fileID: 0}
  m_PrefabInstance: {fileID: 0}
  m_PrefabAsset: {fileID: 0}
  m_GameObject: {fileID: 2067508455485003619}
  m_LocalRotation: {x: -0, y: -0, z: -0, w: 1}
  m_LocalPosition: {x: -5.909979, y: -0.0027326345, z: -2.6362047}
  m_LocalScale: {x: 1, y: 1, z: 1}
  m_ConstrainProportionsScale: 0
  m_Children:
  - {fileID: 2368084357806488313}
  - {fileID: 266989282933813304}
  - {fileID: 8199341844603743039}
  - {fileID: 3496117169028843496}
  - {fileID: 6873714333386621694}
  - {fileID: 4392080118958024274}
  - {fileID: 5648813799702083714}
  - {fileID: 6911872062317505382}
  - {fileID: 6186042930564449646}
  - {fileID: 1227232265120296408}
  - {fileID: 1120502736797585373}
  - {fileID: 2142565731062220566}
  - {fileID: 6933987102487088543}
  - {fileID: 349220116942303997}
  - {fileID: 670677613806410949}
  - {fileID: 6957016814876410850}
  - {fileID: 3970022896774020386}
  - {fileID: 4820915730884181511}
  m_Father: {fileID: 0}
  m_RootOrder: 0
  m_LocalEulerAnglesHint: {x: 0, y: 0, z: 0}
--- !u!1001 &911744946297725119
PrefabInstance:
  m_ObjectHideFlags: 0
  serializedVersion: 2
  m_Modification:
    m_TransformParent: {fileID: 8316757509332450239}
    m_Modifications:
    - target: {fileID: 1288928660896525388, guid: 5097234a820dca242838503cf26fa72c, type: 3}
      propertyPath: m_Mesh
      value: 
      objectReference: {fileID: 3353313064938082263, guid: 46290a20542c415479058d007c9e7941, type: 3}
    - target: {fileID: 1863829300244784868, guid: 5097234a820dca242838503cf26fa72c, type: 3}
      propertyPath: m_Materials.Array.data[0]
      value: 
      objectReference: {fileID: 2100000, guid: 3f491c026b0243e4ab79847c95920655, type: 2}
    - target: {fileID: 1910122807768483961, guid: 5097234a820dca242838503cf26fa72c, type: 3}
      propertyPath: m_Name
      value: Room_1x1_Floor (2)
      objectReference: {fileID: 0}
    - target: {fileID: 3204886316640868934, guid: 5097234a820dca242838503cf26fa72c, type: 3}
      propertyPath: m_RootOrder
      value: 0
      objectReference: {fileID: 0}
    - target: {fileID: 3204886316640868934, guid: 5097234a820dca242838503cf26fa72c, type: 3}
      propertyPath: m_LocalPosition.x
      value: 0.507288
      objectReference: {fileID: 0}
    - target: {fileID: 3204886316640868934, guid: 5097234a820dca242838503cf26fa72c, type: 3}
      propertyPath: m_LocalPosition.y
      value: 0.46690798
      objectReference: {fileID: 0}
    - target: {fileID: 3204886316640868934, guid: 5097234a820dca242838503cf26fa72c, type: 3}
      propertyPath: m_LocalPosition.z
      value: 1.4078798
      objectReference: {fileID: 0}
    - target: {fileID: 3204886316640868934, guid: 5097234a820dca242838503cf26fa72c, type: 3}
      propertyPath: m_LocalRotation.w
      value: 1
      objectReference: {fileID: 0}
    - target: {fileID: 3204886316640868934, guid: 5097234a820dca242838503cf26fa72c, type: 3}
      propertyPath: m_LocalRotation.x
      value: 0
      objectReference: {fileID: 0}
    - target: {fileID: 3204886316640868934, guid: 5097234a820dca242838503cf26fa72c, type: 3}
      propertyPath: m_LocalRotation.y
      value: 0
      objectReference: {fileID: 0}
    - target: {fileID: 3204886316640868934, guid: 5097234a820dca242838503cf26fa72c, type: 3}
      propertyPath: m_LocalRotation.z
      value: 0
      objectReference: {fileID: 0}
    - target: {fileID: 3204886316640868934, guid: 5097234a820dca242838503cf26fa72c, type: 3}
      propertyPath: m_LocalEulerAnglesHint.x
      value: 0
      objectReference: {fileID: 0}
    - target: {fileID: 3204886316640868934, guid: 5097234a820dca242838503cf26fa72c, type: 3}
      propertyPath: m_LocalEulerAnglesHint.y
      value: 0
      objectReference: {fileID: 0}
    - target: {fileID: 3204886316640868934, guid: 5097234a820dca242838503cf26fa72c, type: 3}
      propertyPath: m_LocalEulerAnglesHint.z
      value: 0
      objectReference: {fileID: 0}
    m_RemovedComponents: []
  m_SourcePrefab: {fileID: 100100000, guid: 5097234a820dca242838503cf26fa72c, type: 3}
--- !u!4 &2368084357806488313 stripped
Transform:
  m_CorrespondingSourceObject: {fileID: 3204886316640868934, guid: 5097234a820dca242838503cf26fa72c, type: 3}
  m_PrefabInstance: {fileID: 911744946297725119}
  m_PrefabAsset: {fileID: 0}
--- !u!1001 &1191701859059891220
PrefabInstance:
  m_ObjectHideFlags: 0
  serializedVersion: 2
  m_Modification:
    m_TransformParent: {fileID: 8316757509332450239}
    m_Modifications:
    - target: {fileID: 1288928660896525388, guid: 5097234a820dca242838503cf26fa72c, type: 3}
      propertyPath: m_Mesh
      value: 
      objectReference: {fileID: 3353313064938082263, guid: 46290a20542c415479058d007c9e7941, type: 3}
    - target: {fileID: 1863829300244784868, guid: 5097234a820dca242838503cf26fa72c, type: 3}
      propertyPath: m_Materials.Array.data[0]
      value: 
      objectReference: {fileID: 2100000, guid: 3f491c026b0243e4ab79847c95920655, type: 2}
    - target: {fileID: 1910122807768483961, guid: 5097234a820dca242838503cf26fa72c, type: 3}
      propertyPath: m_Name
      value: Room_1x1_Floor (07)
      objectReference: {fileID: 0}
    - target: {fileID: 3204886316640868934, guid: 5097234a820dca242838503cf26fa72c, type: 3}
      propertyPath: m_RootOrder
      value: 5
      objectReference: {fileID: 0}
    - target: {fileID: 3204886316640868934, guid: 5097234a820dca242838503cf26fa72c, type: 3}
      propertyPath: m_LocalPosition.x
      value: 2.5083323
      objectReference: {fileID: 0}
    - target: {fileID: 3204886316640868934, guid: 5097234a820dca242838503cf26fa72c, type: 3}
      propertyPath: m_LocalPosition.y
      value: 0.46690798
      objectReference: {fileID: 0}
    - target: {fileID: 3204886316640868934, guid: 5097234a820dca242838503cf26fa72c, type: 3}
      propertyPath: m_LocalPosition.z
      value: 1.4078798
      objectReference: {fileID: 0}
    - target: {fileID: 3204886316640868934, guid: 5097234a820dca242838503cf26fa72c, type: 3}
      propertyPath: m_LocalRotation.w
      value: 1
      objectReference: {fileID: 0}
    - target: {fileID: 3204886316640868934, guid: 5097234a820dca242838503cf26fa72c, type: 3}
      propertyPath: m_LocalRotation.x
      value: 0
      objectReference: {fileID: 0}
    - target: {fileID: 3204886316640868934, guid: 5097234a820dca242838503cf26fa72c, type: 3}
      propertyPath: m_LocalRotation.y
      value: 0
      objectReference: {fileID: 0}
    - target: {fileID: 3204886316640868934, guid: 5097234a820dca242838503cf26fa72c, type: 3}
      propertyPath: m_LocalRotation.z
      value: 0
      objectReference: {fileID: 0}
    - target: {fileID: 3204886316640868934, guid: 5097234a820dca242838503cf26fa72c, type: 3}
      propertyPath: m_LocalEulerAnglesHint.x
      value: 0
      objectReference: {fileID: 0}
    - target: {fileID: 3204886316640868934, guid: 5097234a820dca242838503cf26fa72c, type: 3}
      propertyPath: m_LocalEulerAnglesHint.y
      value: 0
      objectReference: {fileID: 0}
    - target: {fileID: 3204886316640868934, guid: 5097234a820dca242838503cf26fa72c, type: 3}
      propertyPath: m_LocalEulerAnglesHint.z
      value: 0
      objectReference: {fileID: 0}
    m_RemovedComponents: []
  m_SourcePrefab: {fileID: 100100000, guid: 5097234a820dca242838503cf26fa72c, type: 3}
--- !u!4 &4392080118958024274 stripped
Transform:
  m_CorrespondingSourceObject: {fileID: 3204886316640868934, guid: 5097234a820dca242838503cf26fa72c, type: 3}
  m_PrefabInstance: {fileID: 1191701859059891220}
  m_PrefabAsset: {fileID: 0}
--- !u!1001 &1973229564436047716
PrefabInstance:
  m_ObjectHideFlags: 0
  serializedVersion: 2
  m_Modification:
    m_TransformParent: {fileID: 8316757509332450239}
    m_Modifications:
    - target: {fileID: 1288928660896525388, guid: 5097234a820dca242838503cf26fa72c, type: 3}
      propertyPath: m_Mesh
      value: 
      objectReference: {fileID: 3353313064938082263, guid: 46290a20542c415479058d007c9e7941, type: 3}
    - target: {fileID: 1863829300244784868, guid: 5097234a820dca242838503cf26fa72c, type: 3}
      propertyPath: m_Materials.Array.data[0]
      value: 
      objectReference: {fileID: 2100000, guid: 3f491c026b0243e4ab79847c95920655, type: 2}
    - target: {fileID: 1910122807768483961, guid: 5097234a820dca242838503cf26fa72c, type: 3}
      propertyPath: m_Name
      value: Room_1x1_Floor (17)
      objectReference: {fileID: 0}
    - target: {fileID: 3204886316640868934, guid: 5097234a820dca242838503cf26fa72c, type: 3}
      propertyPath: m_RootOrder
      value: 16
      objectReference: {fileID: 0}
    - target: {fileID: 3204886316640868934, guid: 5097234a820dca242838503cf26fa72c, type: 3}
      propertyPath: m_LocalPosition.x
      value: 10.5125065
      objectReference: {fileID: 0}
    - target: {fileID: 3204886316640868934, guid: 5097234a820dca242838503cf26fa72c, type: 3}
      propertyPath: m_LocalPosition.y
      value: 0.46690786
      objectReference: {fileID: 0}
    - target: {fileID: 3204886316640868934, guid: 5097234a820dca242838503cf26fa72c, type: 3}
      propertyPath: m_LocalPosition.z
      value: 1.4078798
      objectReference: {fileID: 0}
    - target: {fileID: 3204886316640868934, guid: 5097234a820dca242838503cf26fa72c, type: 3}
      propertyPath: m_LocalRotation.w
      value: 1
      objectReference: {fileID: 0}
    - target: {fileID: 3204886316640868934, guid: 5097234a820dca242838503cf26fa72c, type: 3}
      propertyPath: m_LocalRotation.x
      value: 0
      objectReference: {fileID: 0}
    - target: {fileID: 3204886316640868934, guid: 5097234a820dca242838503cf26fa72c, type: 3}
      propertyPath: m_LocalRotation.y
      value: 0
      objectReference: {fileID: 0}
    - target: {fileID: 3204886316640868934, guid: 5097234a820dca242838503cf26fa72c, type: 3}
      propertyPath: m_LocalRotation.z
      value: 0
      objectReference: {fileID: 0}
    - target: {fileID: 3204886316640868934, guid: 5097234a820dca242838503cf26fa72c, type: 3}
      propertyPath: m_LocalEulerAnglesHint.x
      value: 0
      objectReference: {fileID: 0}
    - target: {fileID: 3204886316640868934, guid: 5097234a820dca242838503cf26fa72c, type: 3}
      propertyPath: m_LocalEulerAnglesHint.y
      value: 0
      objectReference: {fileID: 0}
    - target: {fileID: 3204886316640868934, guid: 5097234a820dca242838503cf26fa72c, type: 3}
      propertyPath: m_LocalEulerAnglesHint.z
      value: 0
      objectReference: {fileID: 0}
    m_RemovedComponents: []
  m_SourcePrefab: {fileID: 100100000, guid: 5097234a820dca242838503cf26fa72c, type: 3}
--- !u!4 &3970022896774020386 stripped
Transform:
  m_CorrespondingSourceObject: {fileID: 3204886316640868934, guid: 5097234a820dca242838503cf26fa72c, type: 3}
  m_PrefabInstance: {fileID: 1973229564436047716}
  m_PrefabAsset: {fileID: 0}
--- !u!1001 &2089317374900067758
PrefabInstance:
  m_ObjectHideFlags: 0
  serializedVersion: 2
  m_Modification:
    m_TransformParent: {fileID: 8316757509332450239}
    m_Modifications:
    - target: {fileID: 1288928660896525388, guid: 5097234a820dca242838503cf26fa72c, type: 3}
      propertyPath: m_Mesh
      value: 
      objectReference: {fileID: 3353313064938082263, guid: 46290a20542c415479058d007c9e7941, type: 3}
    - target: {fileID: 1863829300244784868, guid: 5097234a820dca242838503cf26fa72c, type: 3}
      propertyPath: m_Materials.Array.data[0]
      value: 
      objectReference: {fileID: 2100000, guid: 3f491c026b0243e4ab79847c95920655, type: 2}
    - target: {fileID: 1910122807768483961, guid: 5097234a820dca242838503cf26fa72c, type: 3}
      propertyPath: m_Name
      value: Room_1x1_Floor (5)
      objectReference: {fileID: 0}
    - target: {fileID: 3204886316640868934, guid: 5097234a820dca242838503cf26fa72c, type: 3}
      propertyPath: m_RootOrder
      value: 3
      objectReference: {fileID: 0}
    - target: {fileID: 3204886316640868934, guid: 5097234a820dca242838503cf26fa72c, type: 3}
      propertyPath: m_LocalPosition.x
      value: 4.5093756
      objectReference: {fileID: 0}
    - target: {fileID: 3204886316640868934, guid: 5097234a820dca242838503cf26fa72c, type: 3}
      propertyPath: m_LocalPosition.y
      value: 0.46690798
      objectReference: {fileID: 0}
    - target: {fileID: 3204886316640868934, guid: 5097234a820dca242838503cf26fa72c, type: 3}
      propertyPath: m_LocalPosition.z
      value: 3.4078798
      objectReference: {fileID: 0}
    - target: {fileID: 3204886316640868934, guid: 5097234a820dca242838503cf26fa72c, type: 3}
      propertyPath: m_LocalRotation.w
      value: 1
      objectReference: {fileID: 0}
    - target: {fileID: 3204886316640868934, guid: 5097234a820dca242838503cf26fa72c, type: 3}
      propertyPath: m_LocalRotation.x
      value: 0
      objectReference: {fileID: 0}
    - target: {fileID: 3204886316640868934, guid: 5097234a820dca242838503cf26fa72c, type: 3}
      propertyPath: m_LocalRotation.y
      value: 0
      objectReference: {fileID: 0}
    - target: {fileID: 3204886316640868934, guid: 5097234a820dca242838503cf26fa72c, type: 3}
      propertyPath: m_LocalRotation.z
      value: 0
      objectReference: {fileID: 0}
    - target: {fileID: 3204886316640868934, guid: 5097234a820dca242838503cf26fa72c, type: 3}
      propertyPath: m_LocalEulerAnglesHint.x
      value: 0
      objectReference: {fileID: 0}
    - target: {fileID: 3204886316640868934, guid: 5097234a820dca242838503cf26fa72c, type: 3}
      propertyPath: m_LocalEulerAnglesHint.y
      value: 0
      objectReference: {fileID: 0}
    - target: {fileID: 3204886316640868934, guid: 5097234a820dca242838503cf26fa72c, type: 3}
      propertyPath: m_LocalEulerAnglesHint.z
      value: 0
      objectReference: {fileID: 0}
    m_RemovedComponents: []
  m_SourcePrefab: {fileID: 100100000, guid: 5097234a820dca242838503cf26fa72c, type: 3}
--- !u!4 &3496117169028843496 stripped
Transform:
  m_CorrespondingSourceObject: {fileID: 3204886316640868934, guid: 5097234a820dca242838503cf26fa72c, type: 3}
  m_PrefabInstance: {fileID: 2089317374900067758}
  m_PrefabAsset: {fileID: 0}
--- !u!1001 &2591496484919694747
PrefabInstance:
  m_ObjectHideFlags: 0
  serializedVersion: 2
  m_Modification:
    m_TransformParent: {fileID: 8316757509332450239}
    m_Modifications:
    - target: {fileID: 1288928660896525388, guid: 5097234a820dca242838503cf26fa72c, type: 3}
      propertyPath: m_Mesh
      value: 
      objectReference: {fileID: 3353313064938082263, guid: 46290a20542c415479058d007c9e7941, type: 3}
    - target: {fileID: 1863829300244784868, guid: 5097234a820dca242838503cf26fa72c, type: 3}
      propertyPath: m_Materials.Array.data[0]
      value: 
      objectReference: {fileID: 2100000, guid: 3f491c026b0243e4ab79847c95920655, type: 2}
    - target: {fileID: 1910122807768483961, guid: 5097234a820dca242838503cf26fa72c, type: 3}
      propertyPath: m_Name
      value: Room_1x1_Floor (12)
      objectReference: {fileID: 0}
    - target: {fileID: 3204886316640868934, guid: 5097234a820dca242838503cf26fa72c, type: 3}
      propertyPath: m_RootOrder
      value: 10
      objectReference: {fileID: 0}
    - target: {fileID: 3204886316640868934, guid: 5097234a820dca242838503cf26fa72c, type: 3}
      propertyPath: m_LocalPosition.x
      value: 6.510419
      objectReference: {fileID: 0}
    - target: {fileID: 3204886316640868934, guid: 5097234a820dca242838503cf26fa72c, type: 3}
      propertyPath: m_LocalPosition.y
      value: 0.46690786
      objectReference: {fileID: 0}
    - target: {fileID: 3204886316640868934, guid: 5097234a820dca242838503cf26fa72c, type: 3}
      propertyPath: m_LocalPosition.z
      value: 1.4078798
      objectReference: {fileID: 0}
    - target: {fileID: 3204886316640868934, guid: 5097234a820dca242838503cf26fa72c, type: 3}
      propertyPath: m_LocalRotation.w
      value: 1
      objectReference: {fileID: 0}
    - target: {fileID: 3204886316640868934, guid: 5097234a820dca242838503cf26fa72c, type: 3}
      propertyPath: m_LocalRotation.x
      value: 0
      objectReference: {fileID: 0}
    - target: {fileID: 3204886316640868934, guid: 5097234a820dca242838503cf26fa72c, type: 3}
      propertyPath: m_LocalRotation.y
      value: 0
      objectReference: {fileID: 0}
    - target: {fileID: 3204886316640868934, guid: 5097234a820dca242838503cf26fa72c, type: 3}
      propertyPath: m_LocalRotation.z
      value: 0
      objectReference: {fileID: 0}
    - target: {fileID: 3204886316640868934, guid: 5097234a820dca242838503cf26fa72c, type: 3}
      propertyPath: m_LocalEulerAnglesHint.x
      value: 0
      objectReference: {fileID: 0}
    - target: {fileID: 3204886316640868934, guid: 5097234a820dca242838503cf26fa72c, type: 3}
      propertyPath: m_LocalEulerAnglesHint.y
      value: 0
      objectReference: {fileID: 0}
    - target: {fileID: 3204886316640868934, guid: 5097234a820dca242838503cf26fa72c, type: 3}
      propertyPath: m_LocalEulerAnglesHint.z
      value: 0
      objectReference: {fileID: 0}
    m_RemovedComponents: []
  m_SourcePrefab: {fileID: 100100000, guid: 5097234a820dca242838503cf26fa72c, type: 3}
--- !u!4 &1120502736797585373 stripped
Transform:
  m_CorrespondingSourceObject: {fileID: 3204886316640868934, guid: 5097234a820dca242838503cf26fa72c, type: 3}
  m_PrefabInstance: {fileID: 2591496484919694747}
  m_PrefabAsset: {fileID: 0}
--- !u!1001 &2680964093243770499
PrefabInstance:
  m_ObjectHideFlags: 0
  serializedVersion: 2
  m_Modification:
    m_TransformParent: {fileID: 8316757509332450239}
    m_Modifications:
    - target: {fileID: 1288928660896525388, guid: 5097234a820dca242838503cf26fa72c, type: 3}
      propertyPath: m_Mesh
      value: 
      objectReference: {fileID: 3353313064938082263, guid: 46290a20542c415479058d007c9e7941, type: 3}
    - target: {fileID: 1863829300244784868, guid: 5097234a820dca242838503cf26fa72c, type: 3}
      propertyPath: m_Materials.Array.data[0]
      value: 
      objectReference: {fileID: 2100000, guid: 3f491c026b0243e4ab79847c95920655, type: 2}
    - target: {fileID: 1910122807768483961, guid: 5097234a820dca242838503cf26fa72c, type: 3}
      propertyPath: m_Name
      value: Room_1x1_Floor (15)
      objectReference: {fileID: 0}
    - target: {fileID: 3204886316640868934, guid: 5097234a820dca242838503cf26fa72c, type: 3}
      propertyPath: m_RootOrder
      value: 14
      objectReference: {fileID: 0}
    - target: {fileID: 3204886316640868934, guid: 5097234a820dca242838503cf26fa72c, type: 3}
      propertyPath: m_LocalPosition.x
      value: 8.511463
      objectReference: {fileID: 0}
    - target: {fileID: 3204886316640868934, guid: 5097234a820dca242838503cf26fa72c, type: 3}
      propertyPath: m_LocalPosition.y
      value: 0.46690822
      objectReference: {fileID: 0}
    - target: {fileID: 3204886316640868934, guid: 5097234a820dca242838503cf26fa72c, type: 3}
      propertyPath: m_LocalPosition.z
      value: 5.40788
      objectReference: {fileID: 0}
    - target: {fileID: 3204886316640868934, guid: 5097234a820dca242838503cf26fa72c, type: 3}
      propertyPath: m_LocalRotation.w
      value: 1
      objectReference: {fileID: 0}
    - target: {fileID: 3204886316640868934, guid: 5097234a820dca242838503cf26fa72c, type: 3}
      propertyPath: m_LocalRotation.x
      value: 0
      objectReference: {fileID: 0}
    - target: {fileID: 3204886316640868934, guid: 5097234a820dca242838503cf26fa72c, type: 3}
      propertyPath: m_LocalRotation.y
      value: 0
      objectReference: {fileID: 0}
    - target: {fileID: 3204886316640868934, guid: 5097234a820dca242838503cf26fa72c, type: 3}
      propertyPath: m_LocalRotation.z
      value: 0
      objectReference: {fileID: 0}
    - target: {fileID: 3204886316640868934, guid: 5097234a820dca242838503cf26fa72c, type: 3}
      propertyPath: m_LocalEulerAnglesHint.x
      value: 0
      objectReference: {fileID: 0}
    - target: {fileID: 3204886316640868934, guid: 5097234a820dca242838503cf26fa72c, type: 3}
      propertyPath: m_LocalEulerAnglesHint.y
      value: 0
      objectReference: {fileID: 0}
    - target: {fileID: 3204886316640868934, guid: 5097234a820dca242838503cf26fa72c, type: 3}
      propertyPath: m_LocalEulerAnglesHint.z
      value: 0
      objectReference: {fileID: 0}
    m_RemovedComponents: []
  m_SourcePrefab: {fileID: 100100000, guid: 5097234a820dca242838503cf26fa72c, type: 3}
--- !u!4 &670677613806410949 stripped
Transform:
  m_CorrespondingSourceObject: {fileID: 3204886316640868934, guid: 5097234a820dca242838503cf26fa72c, type: 3}
  m_PrefabInstance: {fileID: 2680964093243770499}
  m_PrefabAsset: {fileID: 0}
--- !u!1001 &2928086083153930427
PrefabInstance:
  m_ObjectHideFlags: 0
  serializedVersion: 2
  m_Modification:
    m_TransformParent: {fileID: 8316757509332450239}
    m_Modifications:
    - target: {fileID: 1288928660896525388, guid: 5097234a820dca242838503cf26fa72c, type: 3}
      propertyPath: m_Mesh
      value: 
      objectReference: {fileID: 3353313064938082263, guid: 46290a20542c415479058d007c9e7941, type: 3}
    - target: {fileID: 1863829300244784868, guid: 5097234a820dca242838503cf26fa72c, type: 3}
      propertyPath: m_Materials.Array.data[0]
      value: 
      objectReference: {fileID: 2100000, guid: 3f491c026b0243e4ab79847c95920655, type: 2}
    - target: {fileID: 1910122807768483961, guid: 5097234a820dca242838503cf26fa72c, type: 3}
      propertyPath: m_Name
      value: Room_1x1_Floor (14)
      objectReference: {fileID: 0}
    - target: {fileID: 3204886316640868934, guid: 5097234a820dca242838503cf26fa72c, type: 3}
      propertyPath: m_RootOrder
      value: 13
      objectReference: {fileID: 0}
    - target: {fileID: 3204886316640868934, guid: 5097234a820dca242838503cf26fa72c, type: 3}
      propertyPath: m_LocalPosition.x
      value: 8.511463
      objectReference: {fileID: 0}
    - target: {fileID: 3204886316640868934, guid: 5097234a820dca242838503cf26fa72c, type: 3}
      propertyPath: m_LocalPosition.y
      value: 0.46690786
      objectReference: {fileID: 0}
    - target: {fileID: 3204886316640868934, guid: 5097234a820dca242838503cf26fa72c, type: 3}
      propertyPath: m_LocalPosition.z
      value: 1.4078798
      objectReference: {fileID: 0}
    - target: {fileID: 3204886316640868934, guid: 5097234a820dca242838503cf26fa72c, type: 3}
      propertyPath: m_LocalRotation.w
      value: 1
      objectReference: {fileID: 0}
    - target: {fileID: 3204886316640868934, guid: 5097234a820dca242838503cf26fa72c, type: 3}
      propertyPath: m_LocalRotation.x
      value: 0
      objectReference: {fileID: 0}
    - target: {fileID: 3204886316640868934, guid: 5097234a820dca242838503cf26fa72c, type: 3}
      propertyPath: m_LocalRotation.y
      value: 0
      objectReference: {fileID: 0}
    - target: {fileID: 3204886316640868934, guid: 5097234a820dca242838503cf26fa72c, type: 3}
      propertyPath: m_LocalRotation.z
      value: 0
      objectReference: {fileID: 0}
    - target: {fileID: 3204886316640868934, guid: 5097234a820dca242838503cf26fa72c, type: 3}
      propertyPath: m_LocalEulerAnglesHint.x
      value: 0
      objectReference: {fileID: 0}
    - target: {fileID: 3204886316640868934, guid: 5097234a820dca242838503cf26fa72c, type: 3}
      propertyPath: m_LocalEulerAnglesHint.y
      value: 0
      objectReference: {fileID: 0}
    - target: {fileID: 3204886316640868934, guid: 5097234a820dca242838503cf26fa72c, type: 3}
      propertyPath: m_LocalEulerAnglesHint.z
      value: 0
      objectReference: {fileID: 0}
    m_RemovedComponents: []
  m_SourcePrefab: {fileID: 100100000, guid: 5097234a820dca242838503cf26fa72c, type: 3}
--- !u!4 &349220116942303997 stripped
Transform:
  m_CorrespondingSourceObject: {fileID: 3204886316640868934, guid: 5097234a820dca242838503cf26fa72c, type: 3}
  m_PrefabInstance: {fileID: 2928086083153930427}
  m_PrefabAsset: {fileID: 0}
--- !u!1001 &3444834016790358654
PrefabInstance:
  m_ObjectHideFlags: 0
  serializedVersion: 2
  m_Modification:
    m_TransformParent: {fileID: 8316757509332450239}
    m_Modifications:
    - target: {fileID: 1288928660896525388, guid: 5097234a820dca242838503cf26fa72c, type: 3}
      propertyPath: m_Mesh
      value: 
      objectReference: {fileID: 3353313064938082263, guid: 46290a20542c415479058d007c9e7941, type: 3}
    - target: {fileID: 1863829300244784868, guid: 5097234a820dca242838503cf26fa72c, type: 3}
      propertyPath: m_Materials.Array.data[0]
      value: 
      objectReference: {fileID: 2100000, guid: 3f491c026b0243e4ab79847c95920655, type: 2}
    - target: {fileID: 1910122807768483961, guid: 5097234a820dca242838503cf26fa72c, type: 3}
      propertyPath: m_Name
      value: Room_1x1_Floor (3)
      objectReference: {fileID: 0}
    - target: {fileID: 3204886316640868934, guid: 5097234a820dca242838503cf26fa72c, type: 3}
      propertyPath: m_RootOrder
      value: 1
      objectReference: {fileID: 0}
    - target: {fileID: 3204886316640868934, guid: 5097234a820dca242838503cf26fa72c, type: 3}
      propertyPath: m_LocalPosition.x
      value: 0.507288
      objectReference: {fileID: 0}
    - target: {fileID: 3204886316640868934, guid: 5097234a820dca242838503cf26fa72c, type: 3}
      propertyPath: m_LocalPosition.y
      value: 0.46690798
      objectReference: {fileID: 0}
    - target: {fileID: 3204886316640868934, guid: 5097234a820dca242838503cf26fa72c, type: 3}
      propertyPath: m_LocalPosition.z
      value: 3.4078798
      objectReference: {fileID: 0}
    - target: {fileID: 3204886316640868934, guid: 5097234a820dca242838503cf26fa72c, type: 3}
      propertyPath: m_LocalRotation.w
      value: 1
      objectReference: {fileID: 0}
    - target: {fileID: 3204886316640868934, guid: 5097234a820dca242838503cf26fa72c, type: 3}
      propertyPath: m_LocalRotation.x
      value: 0
      objectReference: {fileID: 0}
    - target: {fileID: 3204886316640868934, guid: 5097234a820dca242838503cf26fa72c, type: 3}
      propertyPath: m_LocalRotation.y
      value: 0
      objectReference: {fileID: 0}
    - target: {fileID: 3204886316640868934, guid: 5097234a820dca242838503cf26fa72c, type: 3}
      propertyPath: m_LocalRotation.z
      value: 0
      objectReference: {fileID: 0}
    - target: {fileID: 3204886316640868934, guid: 5097234a820dca242838503cf26fa72c, type: 3}
      propertyPath: m_LocalEulerAnglesHint.x
      value: 0
      objectReference: {fileID: 0}
    - target: {fileID: 3204886316640868934, guid: 5097234a820dca242838503cf26fa72c, type: 3}
      propertyPath: m_LocalEulerAnglesHint.y
      value: 0
      objectReference: {fileID: 0}
    - target: {fileID: 3204886316640868934, guid: 5097234a820dca242838503cf26fa72c, type: 3}
      propertyPath: m_LocalEulerAnglesHint.z
      value: 0
      objectReference: {fileID: 0}
    m_RemovedComponents: []
  m_SourcePrefab: {fileID: 100100000, guid: 5097234a820dca242838503cf26fa72c, type: 3}
--- !u!4 &266989282933813304 stripped
Transform:
  m_CorrespondingSourceObject: {fileID: 3204886316640868934, guid: 5097234a820dca242838503cf26fa72c, type: 3}
  m_PrefabInstance: {fileID: 3444834016790358654}
  m_PrefabAsset: {fileID: 0}
--- !u!1001 &3585400979408821584
PrefabInstance:
  m_ObjectHideFlags: 0
  serializedVersion: 2
  m_Modification:
    m_TransformParent: {fileID: 8316757509332450239}
    m_Modifications:
    - target: {fileID: 1288928660896525388, guid: 5097234a820dca242838503cf26fa72c, type: 3}
      propertyPath: m_Mesh
      value: 
      objectReference: {fileID: 3353313064938082263, guid: 46290a20542c415479058d007c9e7941, type: 3}
    - target: {fileID: 1863829300244784868, guid: 5097234a820dca242838503cf26fa72c, type: 3}
      propertyPath: m_Materials.Array.data[0]
      value: 
      objectReference: {fileID: 2100000, guid: 3f491c026b0243e4ab79847c95920655, type: 2}
    - target: {fileID: 1910122807768483961, guid: 5097234a820dca242838503cf26fa72c, type: 3}
      propertyPath: m_Name
      value: Room_1x1_Floor (13)
      objectReference: {fileID: 0}
    - target: {fileID: 3204886316640868934, guid: 5097234a820dca242838503cf26fa72c, type: 3}
      propertyPath: m_RootOrder
      value: 11
      objectReference: {fileID: 0}
    - target: {fileID: 3204886316640868934, guid: 5097234a820dca242838503cf26fa72c, type: 3}
      propertyPath: m_LocalPosition.x
      value: 6.5104194
      objectReference: {fileID: 0}
    - target: {fileID: 3204886316640868934, guid: 5097234a820dca242838503cf26fa72c, type: 3}
      propertyPath: m_LocalPosition.y
      value: 0.46690822
      objectReference: {fileID: 0}
    - target: {fileID: 3204886316640868934, guid: 5097234a820dca242838503cf26fa72c, type: 3}
      propertyPath: m_LocalPosition.z
      value: 5.40788
      objectReference: {fileID: 0}
    - target: {fileID: 3204886316640868934, guid: 5097234a820dca242838503cf26fa72c, type: 3}
      propertyPath: m_LocalRotation.w
      value: 1
      objectReference: {fileID: 0}
    - target: {fileID: 3204886316640868934, guid: 5097234a820dca242838503cf26fa72c, type: 3}
      propertyPath: m_LocalRotation.x
      value: 0
      objectReference: {fileID: 0}
    - target: {fileID: 3204886316640868934, guid: 5097234a820dca242838503cf26fa72c, type: 3}
      propertyPath: m_LocalRotation.y
      value: 0
      objectReference: {fileID: 0}
    - target: {fileID: 3204886316640868934, guid: 5097234a820dca242838503cf26fa72c, type: 3}
      propertyPath: m_LocalRotation.z
      value: 0
      objectReference: {fileID: 0}
    - target: {fileID: 3204886316640868934, guid: 5097234a820dca242838503cf26fa72c, type: 3}
      propertyPath: m_LocalEulerAnglesHint.x
      value: 0
      objectReference: {fileID: 0}
    - target: {fileID: 3204886316640868934, guid: 5097234a820dca242838503cf26fa72c, type: 3}
      propertyPath: m_LocalEulerAnglesHint.y
      value: 0
      objectReference: {fileID: 0}
    - target: {fileID: 3204886316640868934, guid: 5097234a820dca242838503cf26fa72c, type: 3}
      propertyPath: m_LocalEulerAnglesHint.z
      value: 0
      objectReference: {fileID: 0}
    m_RemovedComponents: []
  m_SourcePrefab: {fileID: 100100000, guid: 5097234a820dca242838503cf26fa72c, type: 3}
--- !u!4 &2142565731062220566 stripped
Transform:
  m_CorrespondingSourceObject: {fileID: 3204886316640868934, guid: 5097234a820dca242838503cf26fa72c, type: 3}
  m_PrefabInstance: {fileID: 3585400979408821584}
  m_PrefabAsset: {fileID: 0}
--- !u!1001 &4427612523789236126
PrefabInstance:
  m_ObjectHideFlags: 0
  serializedVersion: 2
  m_Modification:
    m_TransformParent: {fileID: 8316757509332450239}
    m_Modifications:
    - target: {fileID: 1288928660896525388, guid: 5097234a820dca242838503cf26fa72c, type: 3}
      propertyPath: m_Mesh
      value: 
      objectReference: {fileID: 3353313064938082263, guid: 46290a20542c415479058d007c9e7941, type: 3}
    - target: {fileID: 1863829300244784868, guid: 5097234a820dca242838503cf26fa72c, type: 3}
      propertyPath: m_Materials.Array.data[0]
      value: 
      objectReference: {fileID: 2100000, guid: 3f491c026b0243e4ab79847c95920655, type: 2}
    - target: {fileID: 1910122807768483961, guid: 5097234a820dca242838503cf26fa72c, type: 3}
      propertyPath: m_Name
      value: Room_1x1_Floor (11)
      objectReference: {fileID: 0}
    - target: {fileID: 3204886316640868934, guid: 5097234a820dca242838503cf26fa72c, type: 3}
      propertyPath: m_RootOrder
      value: 9
      objectReference: {fileID: 0}
    - target: {fileID: 3204886316640868934, guid: 5097234a820dca242838503cf26fa72c, type: 3}
      propertyPath: m_LocalPosition.x
      value: 6.5104194
      objectReference: {fileID: 0}
    - target: {fileID: 3204886316640868934, guid: 5097234a820dca242838503cf26fa72c, type: 3}
      propertyPath: m_LocalPosition.y
      value: 0.46690798
      objectReference: {fileID: 0}
    - target: {fileID: 3204886316640868934, guid: 5097234a820dca242838503cf26fa72c, type: 3}
      propertyPath: m_LocalPosition.z
      value: 3.4078798
      objectReference: {fileID: 0}
    - target: {fileID: 3204886316640868934, guid: 5097234a820dca242838503cf26fa72c, type: 3}
      propertyPath: m_LocalRotation.w
      value: 1
      objectReference: {fileID: 0}
    - target: {fileID: 3204886316640868934, guid: 5097234a820dca242838503cf26fa72c, type: 3}
      propertyPath: m_LocalRotation.x
      value: 0
      objectReference: {fileID: 0}
    - target: {fileID: 3204886316640868934, guid: 5097234a820dca242838503cf26fa72c, type: 3}
      propertyPath: m_LocalRotation.y
      value: 0
      objectReference: {fileID: 0}
    - target: {fileID: 3204886316640868934, guid: 5097234a820dca242838503cf26fa72c, type: 3}
      propertyPath: m_LocalRotation.z
      value: 0
      objectReference: {fileID: 0}
    - target: {fileID: 3204886316640868934, guid: 5097234a820dca242838503cf26fa72c, type: 3}
      propertyPath: m_LocalEulerAnglesHint.x
      value: 0
      objectReference: {fileID: 0}
    - target: {fileID: 3204886316640868934, guid: 5097234a820dca242838503cf26fa72c, type: 3}
      propertyPath: m_LocalEulerAnglesHint.y
      value: 0
      objectReference: {fileID: 0}
    - target: {fileID: 3204886316640868934, guid: 5097234a820dca242838503cf26fa72c, type: 3}
      propertyPath: m_LocalEulerAnglesHint.z
      value: 0
      objectReference: {fileID: 0}
    m_RemovedComponents: []
  m_SourcePrefab: {fileID: 100100000, guid: 5097234a820dca242838503cf26fa72c, type: 3}
--- !u!4 &1227232265120296408 stripped
Transform:
  m_CorrespondingSourceObject: {fileID: 3204886316640868934, guid: 5097234a820dca242838503cf26fa72c, type: 3}
  m_PrefabInstance: {fileID: 4427612523789236126}
  m_PrefabAsset: {fileID: 0}
--- !u!1001 &5494518641393244121
PrefabInstance:
  m_ObjectHideFlags: 0
  serializedVersion: 2
  m_Modification:
    m_TransformParent: {fileID: 8316757509332450239}
    m_Modifications:
    - target: {fileID: 1288928660896525388, guid: 5097234a820dca242838503cf26fa72c, type: 3}
      propertyPath: m_Mesh
      value: 
      objectReference: {fileID: 3353313064938082263, guid: 46290a20542c415479058d007c9e7941, type: 3}
    - target: {fileID: 1863829300244784868, guid: 5097234a820dca242838503cf26fa72c, type: 3}
      propertyPath: m_Materials.Array.data[0]
      value: 
      objectReference: {fileID: 2100000, guid: 3f491c026b0243e4ab79847c95920655, type: 2}
    - target: {fileID: 1910122807768483961, guid: 5097234a820dca242838503cf26fa72c, type: 3}
      propertyPath: m_Name
      value: Room_1x1_Floor (6)
      objectReference: {fileID: 0}
    - target: {fileID: 3204886316640868934, guid: 5097234a820dca242838503cf26fa72c, type: 3}
      propertyPath: m_RootOrder
      value: 12
      objectReference: {fileID: 0}
    - target: {fileID: 3204886316640868934, guid: 5097234a820dca242838503cf26fa72c, type: 3}
      propertyPath: m_LocalPosition.x
      value: 8.511463
      objectReference: {fileID: 0}
    - target: {fileID: 3204886316640868934, guid: 5097234a820dca242838503cf26fa72c, type: 3}
      propertyPath: m_LocalPosition.y
      value: 0.46690798
      objectReference: {fileID: 0}
    - target: {fileID: 3204886316640868934, guid: 5097234a820dca242838503cf26fa72c, type: 3}
      propertyPath: m_LocalPosition.z
      value: 3.4078798
      objectReference: {fileID: 0}
    - target: {fileID: 3204886316640868934, guid: 5097234a820dca242838503cf26fa72c, type: 3}
      propertyPath: m_LocalRotation.w
      value: 1
      objectReference: {fileID: 0}
    - target: {fileID: 3204886316640868934, guid: 5097234a820dca242838503cf26fa72c, type: 3}
      propertyPath: m_LocalRotation.x
      value: 0
      objectReference: {fileID: 0}
    - target: {fileID: 3204886316640868934, guid: 5097234a820dca242838503cf26fa72c, type: 3}
      propertyPath: m_LocalRotation.y
      value: 0
      objectReference: {fileID: 0}
    - target: {fileID: 3204886316640868934, guid: 5097234a820dca242838503cf26fa72c, type: 3}
      propertyPath: m_LocalRotation.z
      value: 0
      objectReference: {fileID: 0}
    - target: {fileID: 3204886316640868934, guid: 5097234a820dca242838503cf26fa72c, type: 3}
      propertyPath: m_LocalEulerAnglesHint.x
      value: 0
      objectReference: {fileID: 0}
    - target: {fileID: 3204886316640868934, guid: 5097234a820dca242838503cf26fa72c, type: 3}
      propertyPath: m_LocalEulerAnglesHint.y
      value: 0
      objectReference: {fileID: 0}
    - target: {fileID: 3204886316640868934, guid: 5097234a820dca242838503cf26fa72c, type: 3}
      propertyPath: m_LocalEulerAnglesHint.z
      value: 0
      objectReference: {fileID: 0}
    m_RemovedComponents: []
  m_SourcePrefab: {fileID: 100100000, guid: 5097234a820dca242838503cf26fa72c, type: 3}
--- !u!4 &6933987102487088543 stripped
Transform:
  m_CorrespondingSourceObject: {fileID: 3204886316640868934, guid: 5097234a820dca242838503cf26fa72c, type: 3}
  m_PrefabInstance: {fileID: 5494518641393244121}
  m_PrefabAsset: {fileID: 0}
--- !u!1001 &5545693594473683364
PrefabInstance:
  m_ObjectHideFlags: 0
  serializedVersion: 2
  m_Modification:
    m_TransformParent: {fileID: 8316757509332450239}
    m_Modifications:
    - target: {fileID: 1288928660896525388, guid: 5097234a820dca242838503cf26fa72c, type: 3}
      propertyPath: m_Mesh
      value: 
      objectReference: {fileID: 3353313064938082263, guid: 46290a20542c415479058d007c9e7941, type: 3}
    - target: {fileID: 1863829300244784868, guid: 5097234a820dca242838503cf26fa72c, type: 3}
      propertyPath: m_Materials.Array.data[0]
      value: 
      objectReference: {fileID: 2100000, guid: 3f491c026b0243e4ab79847c95920655, type: 2}
    - target: {fileID: 1910122807768483961, guid: 5097234a820dca242838503cf26fa72c, type: 3}
      propertyPath: m_Name
      value: Room_1x1_Floor (16)
      objectReference: {fileID: 0}
    - target: {fileID: 3204886316640868934, guid: 5097234a820dca242838503cf26fa72c, type: 3}
      propertyPath: m_RootOrder
      value: 15
      objectReference: {fileID: 0}
    - target: {fileID: 3204886316640868934, guid: 5097234a820dca242838503cf26fa72c, type: 3}
      propertyPath: m_LocalPosition.x
      value: 10.5125065
      objectReference: {fileID: 0}
    - target: {fileID: 3204886316640868934, guid: 5097234a820dca242838503cf26fa72c, type: 3}
      propertyPath: m_LocalPosition.y
      value: 0.46690798
      objectReference: {fileID: 0}
    - target: {fileID: 3204886316640868934, guid: 5097234a820dca242838503cf26fa72c, type: 3}
      propertyPath: m_LocalPosition.z
      value: 3.4078798
      objectReference: {fileID: 0}
    - target: {fileID: 3204886316640868934, guid: 5097234a820dca242838503cf26fa72c, type: 3}
      propertyPath: m_LocalRotation.w
      value: 1
      objectReference: {fileID: 0}
    - target: {fileID: 3204886316640868934, guid: 5097234a820dca242838503cf26fa72c, type: 3}
      propertyPath: m_LocalRotation.x
      value: 0
      objectReference: {fileID: 0}
    - target: {fileID: 3204886316640868934, guid: 5097234a820dca242838503cf26fa72c, type: 3}
      propertyPath: m_LocalRotation.y
      value: 0
      objectReference: {fileID: 0}
    - target: {fileID: 3204886316640868934, guid: 5097234a820dca242838503cf26fa72c, type: 3}
      propertyPath: m_LocalRotation.z
      value: 0
      objectReference: {fileID: 0}
    - target: {fileID: 3204886316640868934, guid: 5097234a820dca242838503cf26fa72c, type: 3}
      propertyPath: m_LocalEulerAnglesHint.x
      value: 0
      objectReference: {fileID: 0}
    - target: {fileID: 3204886316640868934, guid: 5097234a820dca242838503cf26fa72c, type: 3}
      propertyPath: m_LocalEulerAnglesHint.y
      value: 0
      objectReference: {fileID: 0}
    - target: {fileID: 3204886316640868934, guid: 5097234a820dca242838503cf26fa72c, type: 3}
      propertyPath: m_LocalEulerAnglesHint.z
      value: 0
      objectReference: {fileID: 0}
    m_RemovedComponents: []
  m_SourcePrefab: {fileID: 100100000, guid: 5097234a820dca242838503cf26fa72c, type: 3}
--- !u!4 &6957016814876410850 stripped
Transform:
  m_CorrespondingSourceObject: {fileID: 3204886316640868934, guid: 5097234a820dca242838503cf26fa72c, type: 3}
  m_PrefabInstance: {fileID: 5545693594473683364}
  m_PrefabAsset: {fileID: 0}
--- !u!1001 &6751989755765436793
PrefabInstance:
  m_ObjectHideFlags: 0
  serializedVersion: 2
  m_Modification:
    m_TransformParent: {fileID: 8316757509332450239}
    m_Modifications:
    - target: {fileID: 1288928660896525388, guid: 5097234a820dca242838503cf26fa72c, type: 3}
      propertyPath: m_Mesh
      value: 
      objectReference: {fileID: 3353313064938082263, guid: 46290a20542c415479058d007c9e7941, type: 3}
    - target: {fileID: 1863829300244784868, guid: 5097234a820dca242838503cf26fa72c, type: 3}
      propertyPath: m_Materials.Array.data[0]
      value: 
      objectReference: {fileID: 2100000, guid: 3f491c026b0243e4ab79847c95920655, type: 2}
    - target: {fileID: 1910122807768483961, guid: 5097234a820dca242838503cf26fa72c, type: 3}
      propertyPath: m_Name
      value: Room_1x1_Floor (4)
      objectReference: {fileID: 0}
    - target: {fileID: 3204886316640868934, guid: 5097234a820dca242838503cf26fa72c, type: 3}
      propertyPath: m_RootOrder
      value: 2
      objectReference: {fileID: 0}
    - target: {fileID: 3204886316640868934, guid: 5097234a820dca242838503cf26fa72c, type: 3}
      propertyPath: m_LocalPosition.x
      value: 2.5083318
      objectReference: {fileID: 0}
    - target: {fileID: 3204886316640868934, guid: 5097234a820dca242838503cf26fa72c, type: 3}
      propertyPath: m_LocalPosition.y
      value: 0.46690798
      objectReference: {fileID: 0}
    - target: {fileID: 3204886316640868934, guid: 5097234a820dca242838503cf26fa72c, type: 3}
      propertyPath: m_LocalPosition.z
      value: 3.4078798
      objectReference: {fileID: 0}
    - target: {fileID: 3204886316640868934, guid: 5097234a820dca242838503cf26fa72c, type: 3}
      propertyPath: m_LocalRotation.w
      value: 1
      objectReference: {fileID: 0}
    - target: {fileID: 3204886316640868934, guid: 5097234a820dca242838503cf26fa72c, type: 3}
      propertyPath: m_LocalRotation.x
      value: 0
      objectReference: {fileID: 0}
    - target: {fileID: 3204886316640868934, guid: 5097234a820dca242838503cf26fa72c, type: 3}
      propertyPath: m_LocalRotation.y
      value: 0
      objectReference: {fileID: 0}
    - target: {fileID: 3204886316640868934, guid: 5097234a820dca242838503cf26fa72c, type: 3}
      propertyPath: m_LocalRotation.z
      value: 0
      objectReference: {fileID: 0}
    - target: {fileID: 3204886316640868934, guid: 5097234a820dca242838503cf26fa72c, type: 3}
      propertyPath: m_LocalEulerAnglesHint.x
      value: 0
      objectReference: {fileID: 0}
    - target: {fileID: 3204886316640868934, guid: 5097234a820dca242838503cf26fa72c, type: 3}
      propertyPath: m_LocalEulerAnglesHint.y
      value: 0
      objectReference: {fileID: 0}
    - target: {fileID: 3204886316640868934, guid: 5097234a820dca242838503cf26fa72c, type: 3}
      propertyPath: m_LocalEulerAnglesHint.z
      value: 0
      objectReference: {fileID: 0}
    m_RemovedComponents: []
  m_SourcePrefab: {fileID: 100100000, guid: 5097234a820dca242838503cf26fa72c, type: 3}
--- !u!4 &8199341844603743039 stripped
Transform:
  m_CorrespondingSourceObject: {fileID: 3204886316640868934, guid: 5097234a820dca242838503cf26fa72c, type: 3}
  m_PrefabInstance: {fileID: 6751989755765436793}
  m_PrefabAsset: {fileID: 0}
--- !u!1001 &7070252460517008068
PrefabInstance:
  m_ObjectHideFlags: 0
  serializedVersion: 2
  m_Modification:
    m_TransformParent: {fileID: 8316757509332450239}
    m_Modifications:
    - target: {fileID: 1288928660896525388, guid: 5097234a820dca242838503cf26fa72c, type: 3}
      propertyPath: m_Mesh
      value: 
      objectReference: {fileID: 3353313064938082263, guid: 46290a20542c415479058d007c9e7941, type: 3}
    - target: {fileID: 1863829300244784868, guid: 5097234a820dca242838503cf26fa72c, type: 3}
      propertyPath: m_Materials.Array.data[0]
      value: 
      objectReference: {fileID: 2100000, guid: 3f491c026b0243e4ab79847c95920655, type: 2}
    - target: {fileID: 1910122807768483961, guid: 5097234a820dca242838503cf26fa72c, type: 3}
      propertyPath: m_Name
      value: Room_1x1_Floor (08)
      objectReference: {fileID: 0}
    - target: {fileID: 3204886316640868934, guid: 5097234a820dca242838503cf26fa72c, type: 3}
      propertyPath: m_RootOrder
      value: 6
      objectReference: {fileID: 0}
    - target: {fileID: 3204886316640868934, guid: 5097234a820dca242838503cf26fa72c, type: 3}
      propertyPath: m_LocalPosition.x
      value: 0.507288
      objectReference: {fileID: 0}
    - target: {fileID: 3204886316640868934, guid: 5097234a820dca242838503cf26fa72c, type: 3}
      propertyPath: m_LocalPosition.y
      value: 0.46690822
      objectReference: {fileID: 0}
    - target: {fileID: 3204886316640868934, guid: 5097234a820dca242838503cf26fa72c, type: 3}
      propertyPath: m_LocalPosition.z
      value: 5.40788
      objectReference: {fileID: 0}
    - target: {fileID: 3204886316640868934, guid: 5097234a820dca242838503cf26fa72c, type: 3}
      propertyPath: m_LocalRotation.w
      value: 1
      objectReference: {fileID: 0}
    - target: {fileID: 3204886316640868934, guid: 5097234a820dca242838503cf26fa72c, type: 3}
      propertyPath: m_LocalRotation.x
      value: 0
      objectReference: {fileID: 0}
    - target: {fileID: 3204886316640868934, guid: 5097234a820dca242838503cf26fa72c, type: 3}
      propertyPath: m_LocalRotation.y
      value: 0
      objectReference: {fileID: 0}
    - target: {fileID: 3204886316640868934, guid: 5097234a820dca242838503cf26fa72c, type: 3}
      propertyPath: m_LocalRotation.z
      value: 0
      objectReference: {fileID: 0}
    - target: {fileID: 3204886316640868934, guid: 5097234a820dca242838503cf26fa72c, type: 3}
      propertyPath: m_LocalEulerAnglesHint.x
      value: 0
      objectReference: {fileID: 0}
    - target: {fileID: 3204886316640868934, guid: 5097234a820dca242838503cf26fa72c, type: 3}
      propertyPath: m_LocalEulerAnglesHint.y
      value: 0
      objectReference: {fileID: 0}
    - target: {fileID: 3204886316640868934, guid: 5097234a820dca242838503cf26fa72c, type: 3}
      propertyPath: m_LocalEulerAnglesHint.z
      value: 0
      objectReference: {fileID: 0}
    m_RemovedComponents: []
  m_SourcePrefab: {fileID: 100100000, guid: 5097234a820dca242838503cf26fa72c, type: 3}
--- !u!4 &5648813799702083714 stripped
Transform:
  m_CorrespondingSourceObject: {fileID: 3204886316640868934, guid: 5097234a820dca242838503cf26fa72c, type: 3}
  m_PrefabInstance: {fileID: 7070252460517008068}
  m_PrefabAsset: {fileID: 0}
--- !u!1001 &7970630610782921793
PrefabInstance:
  m_ObjectHideFlags: 0
  serializedVersion: 2
  m_Modification:
    m_TransformParent: {fileID: 8316757509332450239}
    m_Modifications:
    - target: {fileID: 1288928660896525388, guid: 5097234a820dca242838503cf26fa72c, type: 3}
      propertyPath: m_Mesh
      value: 
      objectReference: {fileID: 3353313064938082263, guid: 46290a20542c415479058d007c9e7941, type: 3}
    - target: {fileID: 1863829300244784868, guid: 5097234a820dca242838503cf26fa72c, type: 3}
      propertyPath: m_Materials.Array.data[0]
      value: 
      objectReference: {fileID: 2100000, guid: 3f491c026b0243e4ab79847c95920655, type: 2}
    - target: {fileID: 1910122807768483961, guid: 5097234a820dca242838503cf26fa72c, type: 3}
      propertyPath: m_Name
      value: Room_1x1_Floor (18)
      objectReference: {fileID: 0}
    - target: {fileID: 3204886316640868934, guid: 5097234a820dca242838503cf26fa72c, type: 3}
      propertyPath: m_RootOrder
      value: 17
      objectReference: {fileID: 0}
    - target: {fileID: 3204886316640868934, guid: 5097234a820dca242838503cf26fa72c, type: 3}
      propertyPath: m_LocalPosition.x
      value: 10.5125065
      objectReference: {fileID: 0}
    - target: {fileID: 3204886316640868934, guid: 5097234a820dca242838503cf26fa72c, type: 3}
      propertyPath: m_LocalPosition.y
      value: 0.46690822
      objectReference: {fileID: 0}
    - target: {fileID: 3204886316640868934, guid: 5097234a820dca242838503cf26fa72c, type: 3}
      propertyPath: m_LocalPosition.z
      value: 5.40788
      objectReference: {fileID: 0}
    - target: {fileID: 3204886316640868934, guid: 5097234a820dca242838503cf26fa72c, type: 3}
      propertyPath: m_LocalRotation.w
      value: 1
      objectReference: {fileID: 0}
    - target: {fileID: 3204886316640868934, guid: 5097234a820dca242838503cf26fa72c, type: 3}
      propertyPath: m_LocalRotation.x
      value: 0
      objectReference: {fileID: 0}
    - target: {fileID: 3204886316640868934, guid: 5097234a820dca242838503cf26fa72c, type: 3}
      propertyPath: m_LocalRotation.y
      value: 0
      objectReference: {fileID: 0}
    - target: {fileID: 3204886316640868934, guid: 5097234a820dca242838503cf26fa72c, type: 3}
      propertyPath: m_LocalRotation.z
      value: 0
      objectReference: {fileID: 0}
    - target: {fileID: 3204886316640868934, guid: 5097234a820dca242838503cf26fa72c, type: 3}
      propertyPath: m_LocalEulerAnglesHint.x
      value: 0
      objectReference: {fileID: 0}
    - target: {fileID: 3204886316640868934, guid: 5097234a820dca242838503cf26fa72c, type: 3}
      propertyPath: m_LocalEulerAnglesHint.y
      value: 0
      objectReference: {fileID: 0}
    - target: {fileID: 3204886316640868934, guid: 5097234a820dca242838503cf26fa72c, type: 3}
      propertyPath: m_LocalEulerAnglesHint.z
      value: 0
      objectReference: {fileID: 0}
    m_RemovedComponents: []
  m_SourcePrefab: {fileID: 100100000, guid: 5097234a820dca242838503cf26fa72c, type: 3}
--- !u!4 &4820915730884181511 stripped
Transform:
  m_CorrespondingSourceObject: {fileID: 3204886316640868934, guid: 5097234a820dca242838503cf26fa72c, type: 3}
  m_PrefabInstance: {fileID: 7970630610782921793}
  m_PrefabAsset: {fileID: 0}
--- !u!1001 &8295170760887425208
PrefabInstance:
  m_ObjectHideFlags: 0
  serializedVersion: 2
  m_Modification:
    m_TransformParent: {fileID: 8316757509332450239}
    m_Modifications:
    - target: {fileID: 1288928660896525388, guid: 5097234a820dca242838503cf26fa72c, type: 3}
      propertyPath: m_Mesh
      value: 
      objectReference: {fileID: 3353313064938082263, guid: 46290a20542c415479058d007c9e7941, type: 3}
    - target: {fileID: 1863829300244784868, guid: 5097234a820dca242838503cf26fa72c, type: 3}
      propertyPath: m_Materials.Array.data[0]
      value: 
      objectReference: {fileID: 2100000, guid: 3f491c026b0243e4ab79847c95920655, type: 2}
    - target: {fileID: 1910122807768483961, guid: 5097234a820dca242838503cf26fa72c, type: 3}
      propertyPath: m_Name
      value: Room_1x1_Floor (06)
      objectReference: {fileID: 0}
    - target: {fileID: 3204886316640868934, guid: 5097234a820dca242838503cf26fa72c, type: 3}
      propertyPath: m_RootOrder
      value: 4
      objectReference: {fileID: 0}
    - target: {fileID: 3204886316640868934, guid: 5097234a820dca242838503cf26fa72c, type: 3}
      propertyPath: m_LocalPosition.x
      value: 4.509375
      objectReference: {fileID: 0}
    - target: {fileID: 3204886316640868934, guid: 5097234a820dca242838503cf26fa72c, type: 3}
      propertyPath: m_LocalPosition.y
      value: 0.46690786
      objectReference: {fileID: 0}
    - target: {fileID: 3204886316640868934, guid: 5097234a820dca242838503cf26fa72c, type: 3}
      propertyPath: m_LocalPosition.z
      value: 1.4078798
      objectReference: {fileID: 0}
    - target: {fileID: 3204886316640868934, guid: 5097234a820dca242838503cf26fa72c, type: 3}
      propertyPath: m_LocalRotation.w
      value: 1
      objectReference: {fileID: 0}
    - target: {fileID: 3204886316640868934, guid: 5097234a820dca242838503cf26fa72c, type: 3}
      propertyPath: m_LocalRotation.x
      value: 0
      objectReference: {fileID: 0}
    - target: {fileID: 3204886316640868934, guid: 5097234a820dca242838503cf26fa72c, type: 3}
      propertyPath: m_LocalRotation.y
      value: 0
      objectReference: {fileID: 0}
    - target: {fileID: 3204886316640868934, guid: 5097234a820dca242838503cf26fa72c, type: 3}
      propertyPath: m_LocalRotation.z
      value: 0
      objectReference: {fileID: 0}
    - target: {fileID: 3204886316640868934, guid: 5097234a820dca242838503cf26fa72c, type: 3}
      propertyPath: m_LocalEulerAnglesHint.x
      value: 0
      objectReference: {fileID: 0}
    - target: {fileID: 3204886316640868934, guid: 5097234a820dca242838503cf26fa72c, type: 3}
      propertyPath: m_LocalEulerAnglesHint.y
      value: 0
      objectReference: {fileID: 0}
    - target: {fileID: 3204886316640868934, guid: 5097234a820dca242838503cf26fa72c, type: 3}
      propertyPath: m_LocalEulerAnglesHint.z
      value: 0
      objectReference: {fileID: 0}
    m_RemovedComponents: []
  m_SourcePrefab: {fileID: 100100000, guid: 5097234a820dca242838503cf26fa72c, type: 3}
--- !u!4 &6873714333386621694 stripped
Transform:
  m_CorrespondingSourceObject: {fileID: 3204886316640868934, guid: 5097234a820dca242838503cf26fa72c, type: 3}
  m_PrefabInstance: {fileID: 8295170760887425208}
  m_PrefabAsset: {fileID: 0}
--- !u!1001 &8327696786416349472
PrefabInstance:
  m_ObjectHideFlags: 0
  serializedVersion: 2
  m_Modification:
    m_TransformParent: {fileID: 8316757509332450239}
    m_Modifications:
    - target: {fileID: 1288928660896525388, guid: 5097234a820dca242838503cf26fa72c, type: 3}
      propertyPath: m_Mesh
      value: 
      objectReference: {fileID: 3353313064938082263, guid: 46290a20542c415479058d007c9e7941, type: 3}
    - target: {fileID: 1863829300244784868, guid: 5097234a820dca242838503cf26fa72c, type: 3}
      propertyPath: m_Materials.Array.data[0]
      value: 
      objectReference: {fileID: 2100000, guid: 3f491c026b0243e4ab79847c95920655, type: 2}
    - target: {fileID: 1910122807768483961, guid: 5097234a820dca242838503cf26fa72c, type: 3}
      propertyPath: m_Name
      value: Room_1x1_Floor (09)
      objectReference: {fileID: 0}
    - target: {fileID: 3204886316640868934, guid: 5097234a820dca242838503cf26fa72c, type: 3}
      propertyPath: m_RootOrder
      value: 7
      objectReference: {fileID: 0}
    - target: {fileID: 3204886316640868934, guid: 5097234a820dca242838503cf26fa72c, type: 3}
      propertyPath: m_LocalPosition.x
      value: 2.5083318
      objectReference: {fileID: 0}
    - target: {fileID: 3204886316640868934, guid: 5097234a820dca242838503cf26fa72c, type: 3}
      propertyPath: m_LocalPosition.y
      value: 0.46690822
      objectReference: {fileID: 0}
    - target: {fileID: 3204886316640868934, guid: 5097234a820dca242838503cf26fa72c, type: 3}
      propertyPath: m_LocalPosition.z
      value: 5.40788
      objectReference: {fileID: 0}
    - target: {fileID: 3204886316640868934, guid: 5097234a820dca242838503cf26fa72c, type: 3}
      propertyPath: m_LocalRotation.w
      value: 1
      objectReference: {fileID: 0}
    - target: {fileID: 3204886316640868934, guid: 5097234a820dca242838503cf26fa72c, type: 3}
      propertyPath: m_LocalRotation.x
      value: 0
      objectReference: {fileID: 0}
    - target: {fileID: 3204886316640868934, guid: 5097234a820dca242838503cf26fa72c, type: 3}
      propertyPath: m_LocalRotation.y
      value: 0
      objectReference: {fileID: 0}
    - target: {fileID: 3204886316640868934, guid: 5097234a820dca242838503cf26fa72c, type: 3}
      propertyPath: m_LocalRotation.z
      value: 0
      objectReference: {fileID: 0}
    - target: {fileID: 3204886316640868934, guid: 5097234a820dca242838503cf26fa72c, type: 3}
      propertyPath: m_LocalEulerAnglesHint.x
      value: 0
      objectReference: {fileID: 0}
    - target: {fileID: 3204886316640868934, guid: 5097234a820dca242838503cf26fa72c, type: 3}
      propertyPath: m_LocalEulerAnglesHint.y
      value: 0
      objectReference: {fileID: 0}
    - target: {fileID: 3204886316640868934, guid: 5097234a820dca242838503cf26fa72c, type: 3}
      propertyPath: m_LocalEulerAnglesHint.z
      value: 0
      objectReference: {fileID: 0}
    m_RemovedComponents: []
  m_SourcePrefab: {fileID: 100100000, guid: 5097234a820dca242838503cf26fa72c, type: 3}
--- !u!4 &6911872062317505382 stripped
Transform:
  m_CorrespondingSourceObject: {fileID: 3204886316640868934, guid: 5097234a820dca242838503cf26fa72c, type: 3}
  m_PrefabInstance: {fileID: 8327696786416349472}
  m_PrefabAsset: {fileID: 0}
--- !u!1001 &8764909063214456616
PrefabInstance:
  m_ObjectHideFlags: 0
  serializedVersion: 2
  m_Modification:
    m_TransformParent: {fileID: 8316757509332450239}
    m_Modifications:
    - target: {fileID: 1288928660896525388, guid: 5097234a820dca242838503cf26fa72c, type: 3}
      propertyPath: m_Mesh
      value: 
      objectReference: {fileID: 3353313064938082263, guid: 46290a20542c415479058d007c9e7941, type: 3}
    - target: {fileID: 1863829300244784868, guid: 5097234a820dca242838503cf26fa72c, type: 3}
      propertyPath: m_Materials.Array.data[0]
      value: 
      objectReference: {fileID: 2100000, guid: 3f491c026b0243e4ab79847c95920655, type: 2}
    - target: {fileID: 1910122807768483961, guid: 5097234a820dca242838503cf26fa72c, type: 3}
      propertyPath: m_Name
      value: Room_1x1_Floor (10)
      objectReference: {fileID: 0}
    - target: {fileID: 3204886316640868934, guid: 5097234a820dca242838503cf26fa72c, type: 3}
      propertyPath: m_RootOrder
      value: 8
      objectReference: {fileID: 0}
    - target: {fileID: 3204886316640868934, guid: 5097234a820dca242838503cf26fa72c, type: 3}
      propertyPath: m_LocalPosition.x
      value: 4.5093756
      objectReference: {fileID: 0}
    - target: {fileID: 3204886316640868934, guid: 5097234a820dca242838503cf26fa72c, type: 3}
      propertyPath: m_LocalPosition.y
      value: 0.46690822
      objectReference: {fileID: 0}
    - target: {fileID: 3204886316640868934, guid: 5097234a820dca242838503cf26fa72c, type: 3}
      propertyPath: m_LocalPosition.z
      value: 5.40788
      objectReference: {fileID: 0}
    - target: {fileID: 3204886316640868934, guid: 5097234a820dca242838503cf26fa72c, type: 3}
      propertyPath: m_LocalRotation.w
      value: 1
      objectReference: {fileID: 0}
    - target: {fileID: 3204886316640868934, guid: 5097234a820dca242838503cf26fa72c, type: 3}
      propertyPath: m_LocalRotation.x
      value: 0
      objectReference: {fileID: 0}
    - target: {fileID: 3204886316640868934, guid: 5097234a820dca242838503cf26fa72c, type: 3}
      propertyPath: m_LocalRotation.y
      value: 0
      objectReference: {fileID: 0}
    - target: {fileID: 3204886316640868934, guid: 5097234a820dca242838503cf26fa72c, type: 3}
      propertyPath: m_LocalRotation.z
      value: 0
      objectReference: {fileID: 0}
    - target: {fileID: 3204886316640868934, guid: 5097234a820dca242838503cf26fa72c, type: 3}
      propertyPath: m_LocalEulerAnglesHint.x
      value: 0
      objectReference: {fileID: 0}
    - target: {fileID: 3204886316640868934, guid: 5097234a820dca242838503cf26fa72c, type: 3}
      propertyPath: m_LocalEulerAnglesHint.y
      value: 0
      objectReference: {fileID: 0}
    - target: {fileID: 3204886316640868934, guid: 5097234a820dca242838503cf26fa72c, type: 3}
      propertyPath: m_LocalEulerAnglesHint.z
      value: 0
      objectReference: {fileID: 0}
    m_RemovedComponents: []
  m_SourcePrefab: {fileID: 100100000, guid: 5097234a820dca242838503cf26fa72c, type: 3}
--- !u!4 &6186042930564449646 stripped
Transform:
  m_CorrespondingSourceObject: {fileID: 3204886316640868934, guid: 5097234a820dca242838503cf26fa72c, type: 3}
  m_PrefabInstance: {fileID: 8764909063214456616}
  m_PrefabAsset: {fileID: 0}
