%YAML 1.1
%TAG !u! tag:unity3d.com,2011:
--- !u!1 &6891010745272752091
GameObject:
  m_ObjectHideFlags: 0
  m_CorrespondingSourceObject: {fileID: 0}
  m_PrefabInstance: {fileID: 0}
  m_PrefabAsset: {fileID: 0}
  serializedVersion: 6
  m_Component:
  - component: {fileID: 5000856634352220795}
  m_Layer: 0
  m_Name: Room1_bathroom_Floor_lvl2
  m_TagString: Untagged
  m_Icon: {fileID: 0}
  m_NavMeshLayer: 0
  m_StaticEditorFlags: 0
  m_IsActive: 0
--- !u!4 &5000856634352220795
Transform:
  m_ObjectHideFlags: 0
  m_CorrespondingSourceObject: {fileID: 0}
  m_PrefabInstance: {fileID: 0}
  m_PrefabAsset: {fileID: 0}
  m_GameObject: {fileID: 6891010745272752091}
  m_LocalRotation: {x: -0, y: -0, z: -0, w: 1}
  m_LocalPosition: {x: -2.212253, y: -0.002731204, z: -0.3672123}
  m_LocalScale: {x: 1, y: 1, z: 1}
  m_ConstrainProportionsScale: 0
  m_Children:
  - {fileID: 2528450392730901943}
  - {fileID: 6210557597509775368}
  - {fileID: 5135029831893277818}
  - {fileID: 1713817111285929912}
  - {fileID: 5760038546639360109}
  - {fileID: 2915161076384809216}
  - {fileID: 5152658872280108536}
  - {fileID: 8984052025615305103}
  - {fileID: 4969316061414284198}
  - {fileID: 4112628944965718988}
  - {fileID: 2257763770309448292}
  - {fileID: 4668712974841851196}
  - {fileID: 6402137305773755189}
  - {fileID: 9154892595133533499}
  - {fileID: 8365446911406924709}
  - {fileID: 3093757299605383078}
  - {fileID: 3235722347870864361}
  - {fileID: 5294493663508039589}
  - {fileID: 322265866847811616}
  - {fileID: 6483740896935057311}
  - {fileID: 6685144132493913813}
  - {fileID: 2260375405460645319}
  - {fileID: 624815545608444159}
  - {fileID: 2347150108106494026}
  m_Father: {fileID: 0}
  m_RootOrder: 0
  m_LocalEulerAnglesHint: {x: 0, y: 0, z: 0}
--- !u!1001 &44353521679686063
PrefabInstance:
  m_ObjectHideFlags: 0
  serializedVersion: 2
  m_Modification:
    m_TransformParent: {fileID: 5000856634352220795}
    m_Modifications:
    - target: {fileID: 1910122807768483961, guid: 5097234a820dca242838503cf26fa72c, type: 3}
      propertyPath: m_Name
      value: Bathroom_1x1_Floor (16)
      objectReference: {fileID: 0}
    - target: {fileID: 3204886316640868934, guid: 5097234a820dca242838503cf26fa72c, type: 3}
      propertyPath: m_RootOrder
      value: 16
      objectReference: {fileID: 0}
    - target: {fileID: 3204886316640868934, guid: 5097234a820dca242838503cf26fa72c, type: 3}
      propertyPath: m_LocalPosition.x
      value: -1.0189352
      objectReference: {fileID: 0}
    - target: {fileID: 3204886316640868934, guid: 5097234a820dca242838503cf26fa72c, type: 3}
      propertyPath: m_LocalPosition.y
      value: 0.00000023841858
      objectReference: {fileID: 0}
    - target: {fileID: 3204886316640868934, guid: 5097234a820dca242838503cf26fa72c, type: 3}
      propertyPath: m_LocalPosition.z
      value: 4
      objectReference: {fileID: 0}
    - target: {fileID: 3204886316640868934, guid: 5097234a820dca242838503cf26fa72c, type: 3}
      propertyPath: m_LocalRotation.w
      value: 0.7071068
      objectReference: {fileID: 0}
    - target: {fileID: 3204886316640868934, guid: 5097234a820dca242838503cf26fa72c, type: 3}
      propertyPath: m_LocalRotation.x
      value: -0.7071068
      objectReference: {fileID: 0}
    - target: {fileID: 3204886316640868934, guid: 5097234a820dca242838503cf26fa72c, type: 3}
      propertyPath: m_LocalRotation.y
      value: -0
      objectReference: {fileID: 0}
    - target: {fileID: 3204886316640868934, guid: 5097234a820dca242838503cf26fa72c, type: 3}
      propertyPath: m_LocalRotation.z
      value: -0
      objectReference: {fileID: 0}
    - target: {fileID: 3204886316640868934, guid: 5097234a820dca242838503cf26fa72c, type: 3}
      propertyPath: m_LocalEulerAnglesHint.x
      value: -90
      objectReference: {fileID: 0}
    - target: {fileID: 3204886316640868934, guid: 5097234a820dca242838503cf26fa72c, type: 3}
      propertyPath: m_LocalEulerAnglesHint.y
      value: 0
      objectReference: {fileID: 0}
    - target: {fileID: 3204886316640868934, guid: 5097234a820dca242838503cf26fa72c, type: 3}
      propertyPath: m_LocalEulerAnglesHint.z
      value: 0
      objectReference: {fileID: 0}
    m_RemovedComponents: []
  m_SourcePrefab: {fileID: 100100000, guid: 5097234a820dca242838503cf26fa72c, type: 3}
--- !u!4 &3235722347870864361 stripped
Transform:
  m_CorrespondingSourceObject: {fileID: 3204886316640868934, guid: 5097234a820dca242838503cf26fa72c, type: 3}
  m_PrefabInstance: {fileID: 44353521679686063}
  m_PrefabAsset: {fileID: 0}
--- !u!1001 &292365167811222342
PrefabInstance:
  m_ObjectHideFlags: 0
  serializedVersion: 2
  m_Modification:
    m_TransformParent: {fileID: 5000856634352220795}
    m_Modifications:
    - target: {fileID: 1910122807768483961, guid: 5097234a820dca242838503cf26fa72c, type: 3}
      propertyPath: m_Name
      value: Bathroom_1x1_Floor (5)
      objectReference: {fileID: 0}
    - target: {fileID: 3204886316640868934, guid: 5097234a820dca242838503cf26fa72c, type: 3}
      propertyPath: m_RootOrder
      value: 5
      objectReference: {fileID: 0}
    - target: {fileID: 3204886316640868934, guid: 5097234a820dca242838503cf26fa72c, type: 3}
      propertyPath: m_LocalPosition.x
      value: 2.9831524
      objectReference: {fileID: 0}
    - target: {fileID: 3204886316640868934, guid: 5097234a820dca242838503cf26fa72c, type: 3}
      propertyPath: m_LocalPosition.y
      value: 0
      objectReference: {fileID: 0}
    - target: {fileID: 3204886316640868934, guid: 5097234a820dca242838503cf26fa72c, type: 3}
      propertyPath: m_LocalPosition.z
      value: -2
      objectReference: {fileID: 0}
    - target: {fileID: 3204886316640868934, guid: 5097234a820dca242838503cf26fa72c, type: 3}
      propertyPath: m_LocalRotation.w
      value: 0.7071068
      objectReference: {fileID: 0}
    - target: {fileID: 3204886316640868934, guid: 5097234a820dca242838503cf26fa72c, type: 3}
      propertyPath: m_LocalRotation.x
      value: -0.7071068
      objectReference: {fileID: 0}
    - target: {fileID: 3204886316640868934, guid: 5097234a820dca242838503cf26fa72c, type: 3}
      propertyPath: m_LocalRotation.y
      value: -0
      objectReference: {fileID: 0}
    - target: {fileID: 3204886316640868934, guid: 5097234a820dca242838503cf26fa72c, type: 3}
      propertyPath: m_LocalRotation.z
      value: -0
      objectReference: {fileID: 0}
    - target: {fileID: 3204886316640868934, guid: 5097234a820dca242838503cf26fa72c, type: 3}
      propertyPath: m_LocalEulerAnglesHint.x
      value: -90
      objectReference: {fileID: 0}
    - target: {fileID: 3204886316640868934, guid: 5097234a820dca242838503cf26fa72c, type: 3}
      propertyPath: m_LocalEulerAnglesHint.y
      value: 0
      objectReference: {fileID: 0}
    - target: {fileID: 3204886316640868934, guid: 5097234a820dca242838503cf26fa72c, type: 3}
      propertyPath: m_LocalEulerAnglesHint.z
      value: 0
      objectReference: {fileID: 0}
    m_RemovedComponents: []
  m_SourcePrefab: {fileID: 100100000, guid: 5097234a820dca242838503cf26fa72c, type: 3}
--- !u!4 &2915161076384809216 stripped
Transform:
  m_CorrespondingSourceObject: {fileID: 3204886316640868934, guid: 5097234a820dca242838503cf26fa72c, type: 3}
  m_PrefabInstance: {fileID: 292365167811222342}
  m_PrefabAsset: {fileID: 0}
--- !u!1001 &474338939375959520
PrefabInstance:
  m_ObjectHideFlags: 0
  serializedVersion: 2
  m_Modification:
    m_TransformParent: {fileID: 5000856634352220795}
    m_Modifications:
    - target: {fileID: 1910122807768483961, guid: 5097234a820dca242838503cf26fa72c, type: 3}
      propertyPath: m_Name
      value: Bathroom_1x1_Floor (15)
      objectReference: {fileID: 0}
    - target: {fileID: 3204886316640868934, guid: 5097234a820dca242838503cf26fa72c, type: 3}
      propertyPath: m_RootOrder
      value: 15
      objectReference: {fileID: 0}
    - target: {fileID: 3204886316640868934, guid: 5097234a820dca242838503cf26fa72c, type: 3}
      propertyPath: m_LocalPosition.x
      value: -3.01998
      objectReference: {fileID: 0}
    - target: {fileID: 3204886316640868934, guid: 5097234a820dca242838503cf26fa72c, type: 3}
      propertyPath: m_LocalPosition.y
      value: 0.00000023841858
      objectReference: {fileID: 0}
    - target: {fileID: 3204886316640868934, guid: 5097234a820dca242838503cf26fa72c, type: 3}
      propertyPath: m_LocalPosition.z
      value: 4
      objectReference: {fileID: 0}
    - target: {fileID: 3204886316640868934, guid: 5097234a820dca242838503cf26fa72c, type: 3}
      propertyPath: m_LocalRotation.w
      value: 0.7071068
      objectReference: {fileID: 0}
    - target: {fileID: 3204886316640868934, guid: 5097234a820dca242838503cf26fa72c, type: 3}
      propertyPath: m_LocalRotation.x
      value: -0.7071068
      objectReference: {fileID: 0}
    - target: {fileID: 3204886316640868934, guid: 5097234a820dca242838503cf26fa72c, type: 3}
      propertyPath: m_LocalRotation.y
      value: -0
      objectReference: {fileID: 0}
    - target: {fileID: 3204886316640868934, guid: 5097234a820dca242838503cf26fa72c, type: 3}
      propertyPath: m_LocalRotation.z
      value: -0
      objectReference: {fileID: 0}
    - target: {fileID: 3204886316640868934, guid: 5097234a820dca242838503cf26fa72c, type: 3}
      propertyPath: m_LocalEulerAnglesHint.x
      value: -90
      objectReference: {fileID: 0}
    - target: {fileID: 3204886316640868934, guid: 5097234a820dca242838503cf26fa72c, type: 3}
      propertyPath: m_LocalEulerAnglesHint.y
      value: 0
      objectReference: {fileID: 0}
    - target: {fileID: 3204886316640868934, guid: 5097234a820dca242838503cf26fa72c, type: 3}
      propertyPath: m_LocalEulerAnglesHint.z
      value: 0
      objectReference: {fileID: 0}
    m_RemovedComponents: []
  m_SourcePrefab: {fileID: 100100000, guid: 5097234a820dca242838503cf26fa72c, type: 3}
--- !u!4 &3093757299605383078 stripped
Transform:
  m_CorrespondingSourceObject: {fileID: 3204886316640868934, guid: 5097234a820dca242838503cf26fa72c, type: 3}
  m_PrefabInstance: {fileID: 474338939375959520}
  m_PrefabAsset: {fileID: 0}
--- !u!1001 &930217114954271244
PrefabInstance:
  m_ObjectHideFlags: 0
  serializedVersion: 2
  m_Modification:
    m_TransformParent: {fileID: 5000856634352220795}
    m_Modifications:
    - target: {fileID: 1910122807768483961, guid: 5097234a820dca242838503cf26fa72c, type: 3}
      propertyPath: m_Name
      value: Bathroom_1x1_Floor (23)
      objectReference: {fileID: 0}
    - target: {fileID: 3204886316640868934, guid: 5097234a820dca242838503cf26fa72c, type: 3}
      propertyPath: m_RootOrder
      value: 23
      objectReference: {fileID: 0}
    - target: {fileID: 3204886316640868934, guid: 5097234a820dca242838503cf26fa72c, type: 3}
      propertyPath: m_LocalPosition.x
      value: 6.985238
      objectReference: {fileID: 0}
    - target: {fileID: 3204886316640868934, guid: 5097234a820dca242838503cf26fa72c, type: 3}
      propertyPath: m_LocalPosition.y
      value: -0.00000059604645
      objectReference: {fileID: 0}
    - target: {fileID: 3204886316640868934, guid: 5097234a820dca242838503cf26fa72c, type: 3}
      propertyPath: m_LocalPosition.z
      value: 4.000004
      objectReference: {fileID: 0}
    - target: {fileID: 3204886316640868934, guid: 5097234a820dca242838503cf26fa72c, type: 3}
      propertyPath: m_LocalRotation.w
      value: 0.7071068
      objectReference: {fileID: 0}
    - target: {fileID: 3204886316640868934, guid: 5097234a820dca242838503cf26fa72c, type: 3}
      propertyPath: m_LocalRotation.x
      value: -0.7071068
      objectReference: {fileID: 0}
    - target: {fileID: 3204886316640868934, guid: 5097234a820dca242838503cf26fa72c, type: 3}
      propertyPath: m_LocalRotation.y
      value: -0
      objectReference: {fileID: 0}
    - target: {fileID: 3204886316640868934, guid: 5097234a820dca242838503cf26fa72c, type: 3}
      propertyPath: m_LocalRotation.z
      value: -0
      objectReference: {fileID: 0}
    - target: {fileID: 3204886316640868934, guid: 5097234a820dca242838503cf26fa72c, type: 3}
      propertyPath: m_LocalEulerAnglesHint.x
      value: -90
      objectReference: {fileID: 0}
    - target: {fileID: 3204886316640868934, guid: 5097234a820dca242838503cf26fa72c, type: 3}
      propertyPath: m_LocalEulerAnglesHint.y
      value: 0
      objectReference: {fileID: 0}
    - target: {fileID: 3204886316640868934, guid: 5097234a820dca242838503cf26fa72c, type: 3}
      propertyPath: m_LocalEulerAnglesHint.z
      value: 0
      objectReference: {fileID: 0}
    m_RemovedComponents: []
  m_SourcePrefab: {fileID: 100100000, guid: 5097234a820dca242838503cf26fa72c, type: 3}
--- !u!4 &2347150108106494026 stripped
Transform:
  m_CorrespondingSourceObject: {fileID: 3204886316640868934, guid: 5097234a820dca242838503cf26fa72c, type: 3}
  m_PrefabInstance: {fileID: 930217114954271244}
  m_PrefabAsset: {fileID: 0}
--- !u!1001 &1111499755827988465
PrefabInstance:
  m_ObjectHideFlags: 0
  serializedVersion: 2
  m_Modification:
    m_TransformParent: {fileID: 5000856634352220795}
    m_Modifications:
    - target: {fileID: 1910122807768483961, guid: 5097234a820dca242838503cf26fa72c, type: 3}
      propertyPath: m_Name
      value: Bathroom_1x1_Floor
      objectReference: {fileID: 0}
    - target: {fileID: 3204886316640868934, guid: 5097234a820dca242838503cf26fa72c, type: 3}
      propertyPath: m_RootOrder
      value: 0
      objectReference: {fileID: 0}
    - target: {fileID: 3204886316640868934, guid: 5097234a820dca242838503cf26fa72c, type: 3}
      propertyPath: m_LocalPosition.x
      value: -3.01998
      objectReference: {fileID: 0}
    - target: {fileID: 3204886316640868934, guid: 5097234a820dca242838503cf26fa72c, type: 3}
      propertyPath: m_LocalPosition.y
      value: 0
      objectReference: {fileID: 0}
    - target: {fileID: 3204886316640868934, guid: 5097234a820dca242838503cf26fa72c, type: 3}
      propertyPath: m_LocalPosition.z
      value: -2
      objectReference: {fileID: 0}
    - target: {fileID: 3204886316640868934, guid: 5097234a820dca242838503cf26fa72c, type: 3}
      propertyPath: m_LocalRotation.w
      value: 0.7071068
      objectReference: {fileID: 0}
    - target: {fileID: 3204886316640868934, guid: 5097234a820dca242838503cf26fa72c, type: 3}
      propertyPath: m_LocalRotation.x
      value: -0.7071068
      objectReference: {fileID: 0}
    - target: {fileID: 3204886316640868934, guid: 5097234a820dca242838503cf26fa72c, type: 3}
      propertyPath: m_LocalRotation.y
      value: -0
      objectReference: {fileID: 0}
    - target: {fileID: 3204886316640868934, guid: 5097234a820dca242838503cf26fa72c, type: 3}
      propertyPath: m_LocalRotation.z
      value: -0
      objectReference: {fileID: 0}
    - target: {fileID: 3204886316640868934, guid: 5097234a820dca242838503cf26fa72c, type: 3}
      propertyPath: m_LocalEulerAnglesHint.x
      value: -90
      objectReference: {fileID: 0}
    - target: {fileID: 3204886316640868934, guid: 5097234a820dca242838503cf26fa72c, type: 3}
      propertyPath: m_LocalEulerAnglesHint.y
      value: 0
      objectReference: {fileID: 0}
    - target: {fileID: 3204886316640868934, guid: 5097234a820dca242838503cf26fa72c, type: 3}
      propertyPath: m_LocalEulerAnglesHint.z
      value: 0
      objectReference: {fileID: 0}
    m_RemovedComponents: []
  m_SourcePrefab: {fileID: 100100000, guid: 5097234a820dca242838503cf26fa72c, type: 3}
--- !u!4 &2528450392730901943 stripped
Transform:
  m_CorrespondingSourceObject: {fileID: 3204886316640868934, guid: 5097234a820dca242838503cf26fa72c, type: 3}
  m_PrefabInstance: {fileID: 1111499755827988465}
  m_PrefabAsset: {fileID: 0}
--- !u!1001 &1542752405954251146
PrefabInstance:
  m_ObjectHideFlags: 0
  serializedVersion: 2
  m_Modification:
    m_TransformParent: {fileID: 5000856634352220795}
    m_Modifications:
    - target: {fileID: 1910122807768483961, guid: 5097234a820dca242838503cf26fa72c, type: 3}
      propertyPath: m_Name
      value: Bathroom_1x1_Floor (9)
      objectReference: {fileID: 0}
    - target: {fileID: 3204886316640868934, guid: 5097234a820dca242838503cf26fa72c, type: 3}
      propertyPath: m_RootOrder
      value: 9
      objectReference: {fileID: 0}
    - target: {fileID: 3204886316640868934, guid: 5097234a820dca242838503cf26fa72c, type: 3}
      propertyPath: m_LocalPosition.x
      value: -1.0189352
      objectReference: {fileID: 0}
    - target: {fileID: 3204886316640868934, guid: 5097234a820dca242838503cf26fa72c, type: 3}
      propertyPath: m_LocalPosition.y
      value: 0
      objectReference: {fileID: 0}
    - target: {fileID: 3204886316640868934, guid: 5097234a820dca242838503cf26fa72c, type: 3}
      propertyPath: m_LocalPosition.z
      value: 2
      objectReference: {fileID: 0}
    - target: {fileID: 3204886316640868934, guid: 5097234a820dca242838503cf26fa72c, type: 3}
      propertyPath: m_LocalRotation.w
      value: 0.7071068
      objectReference: {fileID: 0}
    - target: {fileID: 3204886316640868934, guid: 5097234a820dca242838503cf26fa72c, type: 3}
      propertyPath: m_LocalRotation.x
      value: -0.7071068
      objectReference: {fileID: 0}
    - target: {fileID: 3204886316640868934, guid: 5097234a820dca242838503cf26fa72c, type: 3}
      propertyPath: m_LocalRotation.y
      value: -0
      objectReference: {fileID: 0}
    - target: {fileID: 3204886316640868934, guid: 5097234a820dca242838503cf26fa72c, type: 3}
      propertyPath: m_LocalRotation.z
      value: -0
      objectReference: {fileID: 0}
    - target: {fileID: 3204886316640868934, guid: 5097234a820dca242838503cf26fa72c, type: 3}
      propertyPath: m_LocalEulerAnglesHint.x
      value: -90
      objectReference: {fileID: 0}
    - target: {fileID: 3204886316640868934, guid: 5097234a820dca242838503cf26fa72c, type: 3}
      propertyPath: m_LocalEulerAnglesHint.y
      value: 0
      objectReference: {fileID: 0}
    - target: {fileID: 3204886316640868934, guid: 5097234a820dca242838503cf26fa72c, type: 3}
      propertyPath: m_LocalEulerAnglesHint.z
      value: 0
      objectReference: {fileID: 0}
    m_RemovedComponents: []
  m_SourcePrefab: {fileID: 100100000, guid: 5097234a820dca242838503cf26fa72c, type: 3}
--- !u!4 &4112628944965718988 stripped
Transform:
  m_CorrespondingSourceObject: {fileID: 3204886316640868934, guid: 5097234a820dca242838503cf26fa72c, type: 3}
  m_PrefabInstance: {fileID: 1542752405954251146}
  m_PrefabAsset: {fileID: 0}
--- !u!1001 &2653114352323887801
PrefabInstance:
  m_ObjectHideFlags: 0
  serializedVersion: 2
  m_Modification:
    m_TransformParent: {fileID: 5000856634352220795}
    m_Modifications:
    - target: {fileID: 1910122807768483961, guid: 5097234a820dca242838503cf26fa72c, type: 3}
      propertyPath: m_Name
      value: Bathroom_1x1_Floor (22)
      objectReference: {fileID: 0}
    - target: {fileID: 3204886316640868934, guid: 5097234a820dca242838503cf26fa72c, type: 3}
      propertyPath: m_RootOrder
      value: 22
      objectReference: {fileID: 0}
    - target: {fileID: 3204886316640868934, guid: 5097234a820dca242838503cf26fa72c, type: 3}
      propertyPath: m_LocalPosition.x
      value: 6.9852386
      objectReference: {fileID: 0}
    - target: {fileID: 3204886316640868934, guid: 5097234a820dca242838503cf26fa72c, type: 3}
      propertyPath: m_LocalPosition.y
      value: -0.000000834465
      objectReference: {fileID: 0}
    - target: {fileID: 3204886316640868934, guid: 5097234a820dca242838503cf26fa72c, type: 3}
      propertyPath: m_LocalPosition.z
      value: -1.9999962
      objectReference: {fileID: 0}
    - target: {fileID: 3204886316640868934, guid: 5097234a820dca242838503cf26fa72c, type: 3}
      propertyPath: m_LocalRotation.w
      value: 0.7071068
      objectReference: {fileID: 0}
    - target: {fileID: 3204886316640868934, guid: 5097234a820dca242838503cf26fa72c, type: 3}
      propertyPath: m_LocalRotation.x
      value: -0.7071068
      objectReference: {fileID: 0}
    - target: {fileID: 3204886316640868934, guid: 5097234a820dca242838503cf26fa72c, type: 3}
      propertyPath: m_LocalRotation.y
      value: -0
      objectReference: {fileID: 0}
    - target: {fileID: 3204886316640868934, guid: 5097234a820dca242838503cf26fa72c, type: 3}
      propertyPath: m_LocalRotation.z
      value: -0
      objectReference: {fileID: 0}
    - target: {fileID: 3204886316640868934, guid: 5097234a820dca242838503cf26fa72c, type: 3}
      propertyPath: m_LocalEulerAnglesHint.x
      value: -90
      objectReference: {fileID: 0}
    - target: {fileID: 3204886316640868934, guid: 5097234a820dca242838503cf26fa72c, type: 3}
      propertyPath: m_LocalEulerAnglesHint.y
      value: 0
      objectReference: {fileID: 0}
    - target: {fileID: 3204886316640868934, guid: 5097234a820dca242838503cf26fa72c, type: 3}
      propertyPath: m_LocalEulerAnglesHint.z
      value: 0
      objectReference: {fileID: 0}
    m_RemovedComponents: []
  m_SourcePrefab: {fileID: 100100000, guid: 5097234a820dca242838503cf26fa72c, type: 3}
--- !u!4 &624815545608444159 stripped
Transform:
  m_CorrespondingSourceObject: {fileID: 3204886316640868934, guid: 5097234a820dca242838503cf26fa72c, type: 3}
  m_PrefabInstance: {fileID: 2653114352323887801}
  m_PrefabAsset: {fileID: 0}
--- !u!1001 &2883113031138665062
PrefabInstance:
  m_ObjectHideFlags: 0
  serializedVersion: 2
  m_Modification:
    m_TransformParent: {fileID: 5000856634352220795}
    m_Modifications:
    - target: {fileID: 1910122807768483961, guid: 5097234a820dca242838503cf26fa72c, type: 3}
      propertyPath: m_Name
      value: Bathroom_1x1_Floor (18)
      objectReference: {fileID: 0}
    - target: {fileID: 3204886316640868934, guid: 5097234a820dca242838503cf26fa72c, type: 3}
      propertyPath: m_RootOrder
      value: 18
      objectReference: {fileID: 0}
    - target: {fileID: 3204886316640868934, guid: 5097234a820dca242838503cf26fa72c, type: 3}
      propertyPath: m_LocalPosition.x
      value: 2.9831524
      objectReference: {fileID: 0}
    - target: {fileID: 3204886316640868934, guid: 5097234a820dca242838503cf26fa72c, type: 3}
      propertyPath: m_LocalPosition.y
      value: 0.00000023841858
      objectReference: {fileID: 0}
    - target: {fileID: 3204886316640868934, guid: 5097234a820dca242838503cf26fa72c, type: 3}
      propertyPath: m_LocalPosition.z
      value: 4
      objectReference: {fileID: 0}
    - target: {fileID: 3204886316640868934, guid: 5097234a820dca242838503cf26fa72c, type: 3}
      propertyPath: m_LocalRotation.w
      value: 0.7071068
      objectReference: {fileID: 0}
    - target: {fileID: 3204886316640868934, guid: 5097234a820dca242838503cf26fa72c, type: 3}
      propertyPath: m_LocalRotation.x
      value: -0.7071068
      objectReference: {fileID: 0}
    - target: {fileID: 3204886316640868934, guid: 5097234a820dca242838503cf26fa72c, type: 3}
      propertyPath: m_LocalRotation.y
      value: -0
      objectReference: {fileID: 0}
    - target: {fileID: 3204886316640868934, guid: 5097234a820dca242838503cf26fa72c, type: 3}
      propertyPath: m_LocalRotation.z
      value: -0
      objectReference: {fileID: 0}
    - target: {fileID: 3204886316640868934, guid: 5097234a820dca242838503cf26fa72c, type: 3}
      propertyPath: m_LocalEulerAnglesHint.x
      value: -90
      objectReference: {fileID: 0}
    - target: {fileID: 3204886316640868934, guid: 5097234a820dca242838503cf26fa72c, type: 3}
      propertyPath: m_LocalEulerAnglesHint.y
      value: 0
      objectReference: {fileID: 0}
    - target: {fileID: 3204886316640868934, guid: 5097234a820dca242838503cf26fa72c, type: 3}
      propertyPath: m_LocalEulerAnglesHint.z
      value: 0
      objectReference: {fileID: 0}
    m_RemovedComponents: []
  m_SourcePrefab: {fileID: 100100000, guid: 5097234a820dca242838503cf26fa72c, type: 3}
--- !u!4 &322265866847811616 stripped
Transform:
  m_CorrespondingSourceObject: {fileID: 3204886316640868934, guid: 5097234a820dca242838503cf26fa72c, type: 3}
  m_PrefabInstance: {fileID: 2883113031138665062}
  m_PrefabAsset: {fileID: 0}
--- !u!1001 &3685207196202794881
PrefabInstance:
  m_ObjectHideFlags: 0
  serializedVersion: 2
  m_Modification:
    m_TransformParent: {fileID: 5000856634352220795}
    m_Modifications:
    - target: {fileID: 1910122807768483961, guid: 5097234a820dca242838503cf26fa72c, type: 3}
      propertyPath: m_Name
      value: Bathroom_1x1_Floor (21)
      objectReference: {fileID: 0}
    - target: {fileID: 3204886316640868934, guid: 5097234a820dca242838503cf26fa72c, type: 3}
      propertyPath: m_RootOrder
      value: 21
      objectReference: {fileID: 0}
    - target: {fileID: 3204886316640868934, guid: 5097234a820dca242838503cf26fa72c, type: 3}
      propertyPath: m_LocalPosition.x
      value: 6.985238
      objectReference: {fileID: 0}
    - target: {fileID: 3204886316640868934, guid: 5097234a820dca242838503cf26fa72c, type: 3}
      propertyPath: m_LocalPosition.y
      value: -0.000000834465
      objectReference: {fileID: 0}
    - target: {fileID: 3204886316640868934, guid: 5097234a820dca242838503cf26fa72c, type: 3}
      propertyPath: m_LocalPosition.z
      value: 2.0000038
      objectReference: {fileID: 0}
    - target: {fileID: 3204886316640868934, guid: 5097234a820dca242838503cf26fa72c, type: 3}
      propertyPath: m_LocalRotation.w
      value: 0.7071068
      objectReference: {fileID: 0}
    - target: {fileID: 3204886316640868934, guid: 5097234a820dca242838503cf26fa72c, type: 3}
      propertyPath: m_LocalRotation.x
      value: -0.7071068
      objectReference: {fileID: 0}
    - target: {fileID: 3204886316640868934, guid: 5097234a820dca242838503cf26fa72c, type: 3}
      propertyPath: m_LocalRotation.y
      value: -0
      objectReference: {fileID: 0}
    - target: {fileID: 3204886316640868934, guid: 5097234a820dca242838503cf26fa72c, type: 3}
      propertyPath: m_LocalRotation.z
      value: -0
      objectReference: {fileID: 0}
    - target: {fileID: 3204886316640868934, guid: 5097234a820dca242838503cf26fa72c, type: 3}
      propertyPath: m_LocalEulerAnglesHint.x
      value: -90
      objectReference: {fileID: 0}
    - target: {fileID: 3204886316640868934, guid: 5097234a820dca242838503cf26fa72c, type: 3}
      propertyPath: m_LocalEulerAnglesHint.y
      value: 0
      objectReference: {fileID: 0}
    - target: {fileID: 3204886316640868934, guid: 5097234a820dca242838503cf26fa72c, type: 3}
      propertyPath: m_LocalEulerAnglesHint.z
      value: 0
      objectReference: {fileID: 0}
    m_RemovedComponents: []
  m_SourcePrefab: {fileID: 100100000, guid: 5097234a820dca242838503cf26fa72c, type: 3}
--- !u!4 &2260375405460645319 stripped
Transform:
  m_CorrespondingSourceObject: {fileID: 3204886316640868934, guid: 5097234a820dca242838503cf26fa72c, type: 3}
  m_PrefabInstance: {fileID: 3685207196202794881}
  m_PrefabAsset: {fileID: 0}
--- !u!1001 &3688231697937664034
PrefabInstance:
  m_ObjectHideFlags: 0
  serializedVersion: 2
  m_Modification:
    m_TransformParent: {fileID: 5000856634352220795}
    m_Modifications:
    - target: {fileID: 1910122807768483961, guid: 5097234a820dca242838503cf26fa72c, type: 3}
      propertyPath: m_Name
      value: Bathroom_1x1_Floor (10)
      objectReference: {fileID: 0}
    - target: {fileID: 3204886316640868934, guid: 5097234a820dca242838503cf26fa72c, type: 3}
      propertyPath: m_RootOrder
      value: 10
      objectReference: {fileID: 0}
    - target: {fileID: 3204886316640868934, guid: 5097234a820dca242838503cf26fa72c, type: 3}
      propertyPath: m_LocalPosition.x
      value: 0.9821086
      objectReference: {fileID: 0}
    - target: {fileID: 3204886316640868934, guid: 5097234a820dca242838503cf26fa72c, type: 3}
      propertyPath: m_LocalPosition.y
      value: 0
      objectReference: {fileID: 0}
    - target: {fileID: 3204886316640868934, guid: 5097234a820dca242838503cf26fa72c, type: 3}
      propertyPath: m_LocalPosition.z
      value: 2
      objectReference: {fileID: 0}
    - target: {fileID: 3204886316640868934, guid: 5097234a820dca242838503cf26fa72c, type: 3}
      propertyPath: m_LocalRotation.w
      value: 0.7071068
      objectReference: {fileID: 0}
    - target: {fileID: 3204886316640868934, guid: 5097234a820dca242838503cf26fa72c, type: 3}
      propertyPath: m_LocalRotation.x
      value: -0.7071068
      objectReference: {fileID: 0}
    - target: {fileID: 3204886316640868934, guid: 5097234a820dca242838503cf26fa72c, type: 3}
      propertyPath: m_LocalRotation.y
      value: -0
      objectReference: {fileID: 0}
    - target: {fileID: 3204886316640868934, guid: 5097234a820dca242838503cf26fa72c, type: 3}
      propertyPath: m_LocalRotation.z
      value: -0
      objectReference: {fileID: 0}
    - target: {fileID: 3204886316640868934, guid: 5097234a820dca242838503cf26fa72c, type: 3}
      propertyPath: m_LocalEulerAnglesHint.x
      value: -90
      objectReference: {fileID: 0}
    - target: {fileID: 3204886316640868934, guid: 5097234a820dca242838503cf26fa72c, type: 3}
      propertyPath: m_LocalEulerAnglesHint.y
      value: 0
      objectReference: {fileID: 0}
    - target: {fileID: 3204886316640868934, guid: 5097234a820dca242838503cf26fa72c, type: 3}
      propertyPath: m_LocalEulerAnglesHint.z
      value: 0
      objectReference: {fileID: 0}
    m_RemovedComponents: []
  m_SourcePrefab: {fileID: 100100000, guid: 5097234a820dca242838503cf26fa72c, type: 3}
--- !u!4 &2257763770309448292 stripped
Transform:
  m_CorrespondingSourceObject: {fileID: 3204886316640868934, guid: 5097234a820dca242838503cf26fa72c, type: 3}
  m_PrefabInstance: {fileID: 3688231697937664034}
  m_PrefabAsset: {fileID: 0}
--- !u!1001 &4301703500440309246
PrefabInstance:
  m_ObjectHideFlags: 0
  serializedVersion: 2
  m_Modification:
    m_TransformParent: {fileID: 5000856634352220795}
    m_Modifications:
    - target: {fileID: 1910122807768483961, guid: 5097234a820dca242838503cf26fa72c, type: 3}
      propertyPath: m_Name
      value: Bathroom_1x1_Floor (3)
      objectReference: {fileID: 0}
    - target: {fileID: 3204886316640868934, guid: 5097234a820dca242838503cf26fa72c, type: 3}
      propertyPath: m_RootOrder
      value: 3
      objectReference: {fileID: 0}
    - target: {fileID: 3204886316640868934, guid: 5097234a820dca242838503cf26fa72c, type: 3}
      propertyPath: m_LocalPosition.x
      value: -1.0189362
      objectReference: {fileID: 0}
    - target: {fileID: 3204886316640868934, guid: 5097234a820dca242838503cf26fa72c, type: 3}
      propertyPath: m_LocalPosition.y
      value: 0
      objectReference: {fileID: 0}
    - target: {fileID: 3204886316640868934, guid: 5097234a820dca242838503cf26fa72c, type: 3}
      propertyPath: m_LocalPosition.z
      value: -2
      objectReference: {fileID: 0}
    - target: {fileID: 3204886316640868934, guid: 5097234a820dca242838503cf26fa72c, type: 3}
      propertyPath: m_LocalRotation.w
      value: 0.7071068
      objectReference: {fileID: 0}
    - target: {fileID: 3204886316640868934, guid: 5097234a820dca242838503cf26fa72c, type: 3}
      propertyPath: m_LocalRotation.x
      value: -0.7071068
      objectReference: {fileID: 0}
    - target: {fileID: 3204886316640868934, guid: 5097234a820dca242838503cf26fa72c, type: 3}
      propertyPath: m_LocalRotation.y
      value: -0
      objectReference: {fileID: 0}
    - target: {fileID: 3204886316640868934, guid: 5097234a820dca242838503cf26fa72c, type: 3}
      propertyPath: m_LocalRotation.z
      value: -0
      objectReference: {fileID: 0}
    - target: {fileID: 3204886316640868934, guid: 5097234a820dca242838503cf26fa72c, type: 3}
      propertyPath: m_LocalEulerAnglesHint.x
      value: -90
      objectReference: {fileID: 0}
    - target: {fileID: 3204886316640868934, guid: 5097234a820dca242838503cf26fa72c, type: 3}
      propertyPath: m_LocalEulerAnglesHint.y
      value: 0
      objectReference: {fileID: 0}
    - target: {fileID: 3204886316640868934, guid: 5097234a820dca242838503cf26fa72c, type: 3}
      propertyPath: m_LocalEulerAnglesHint.z
      value: 0
      objectReference: {fileID: 0}
    m_RemovedComponents: []
  m_SourcePrefab: {fileID: 100100000, guid: 5097234a820dca242838503cf26fa72c, type: 3}
--- !u!4 &1713817111285929912 stripped
Transform:
  m_CorrespondingSourceObject: {fileID: 3204886316640868934, guid: 5097234a820dca242838503cf26fa72c, type: 3}
  m_PrefabInstance: {fileID: 4301703500440309246}
  m_PrefabAsset: {fileID: 0}
--- !u!1001 &5825345268225037257
PrefabInstance:
  m_ObjectHideFlags: 0
  serializedVersion: 2
  m_Modification:
    m_TransformParent: {fileID: 5000856634352220795}
    m_Modifications:
    - target: {fileID: 1910122807768483961, guid: 5097234a820dca242838503cf26fa72c, type: 3}
      propertyPath: m_Name
      value: Bathroom_1x1_Floor (7)
      objectReference: {fileID: 0}
    - target: {fileID: 3204886316640868934, guid: 5097234a820dca242838503cf26fa72c, type: 3}
      propertyPath: m_RootOrder
      value: 7
      objectReference: {fileID: 0}
    - target: {fileID: 3204886316640868934, guid: 5097234a820dca242838503cf26fa72c, type: 3}
      propertyPath: m_LocalPosition.x
      value: 0.9821086
      objectReference: {fileID: 0}
    - target: {fileID: 3204886316640868934, guid: 5097234a820dca242838503cf26fa72c, type: 3}
      propertyPath: m_LocalPosition.y
      value: 0
      objectReference: {fileID: 0}
    - target: {fileID: 3204886316640868934, guid: 5097234a820dca242838503cf26fa72c, type: 3}
      propertyPath: m_LocalPosition.z
      value: 0
      objectReference: {fileID: 0}
    - target: {fileID: 3204886316640868934, guid: 5097234a820dca242838503cf26fa72c, type: 3}
      propertyPath: m_LocalRotation.w
      value: 0.7071068
      objectReference: {fileID: 0}
    - target: {fileID: 3204886316640868934, guid: 5097234a820dca242838503cf26fa72c, type: 3}
      propertyPath: m_LocalRotation.x
      value: -0.7071068
      objectReference: {fileID: 0}
    - target: {fileID: 3204886316640868934, guid: 5097234a820dca242838503cf26fa72c, type: 3}
      propertyPath: m_LocalRotation.y
      value: -0
      objectReference: {fileID: 0}
    - target: {fileID: 3204886316640868934, guid: 5097234a820dca242838503cf26fa72c, type: 3}
      propertyPath: m_LocalRotation.z
      value: -0
      objectReference: {fileID: 0}
    - target: {fileID: 3204886316640868934, guid: 5097234a820dca242838503cf26fa72c, type: 3}
      propertyPath: m_LocalEulerAnglesHint.x
      value: -90
      objectReference: {fileID: 0}
    - target: {fileID: 3204886316640868934, guid: 5097234a820dca242838503cf26fa72c, type: 3}
      propertyPath: m_LocalEulerAnglesHint.y
      value: 0
      objectReference: {fileID: 0}
    - target: {fileID: 3204886316640868934, guid: 5097234a820dca242838503cf26fa72c, type: 3}
      propertyPath: m_LocalEulerAnglesHint.z
      value: 0
      objectReference: {fileID: 0}
    m_RemovedComponents: []
  m_SourcePrefab: {fileID: 100100000, guid: 5097234a820dca242838503cf26fa72c, type: 3}
--- !u!4 &8984052025615305103 stripped
Transform:
  m_CorrespondingSourceObject: {fileID: 3204886316640868934, guid: 5097234a820dca242838503cf26fa72c, type: 3}
  m_PrefabInstance: {fileID: 5825345268225037257}
  m_PrefabAsset: {fileID: 0}
--- !u!1001 &6014202505593509757
PrefabInstance:
  m_ObjectHideFlags: 0
  serializedVersion: 2
  m_Modification:
    m_TransformParent: {fileID: 5000856634352220795}
    m_Modifications:
    - target: {fileID: 1910122807768483961, guid: 5097234a820dca242838503cf26fa72c, type: 3}
      propertyPath: m_Name
      value: Bathroom_1x1_Floor (13)
      objectReference: {fileID: 0}
    - target: {fileID: 3204886316640868934, guid: 5097234a820dca242838503cf26fa72c, type: 3}
      propertyPath: m_RootOrder
      value: 13
      objectReference: {fileID: 0}
    - target: {fileID: 3204886316640868934, guid: 5097234a820dca242838503cf26fa72c, type: 3}
      propertyPath: m_LocalPosition.x
      value: 2.9831529
      objectReference: {fileID: 0}
    - target: {fileID: 3204886316640868934, guid: 5097234a820dca242838503cf26fa72c, type: 3}
      propertyPath: m_LocalPosition.y
      value: 0.00000023841858
      objectReference: {fileID: 0}
    - target: {fileID: 3204886316640868934, guid: 5097234a820dca242838503cf26fa72c, type: 3}
      propertyPath: m_LocalPosition.z
      value: 0
      objectReference: {fileID: 0}
    - target: {fileID: 3204886316640868934, guid: 5097234a820dca242838503cf26fa72c, type: 3}
      propertyPath: m_LocalRotation.w
      value: 0.7071068
      objectReference: {fileID: 0}
    - target: {fileID: 3204886316640868934, guid: 5097234a820dca242838503cf26fa72c, type: 3}
      propertyPath: m_LocalRotation.x
      value: -0.7071068
      objectReference: {fileID: 0}
    - target: {fileID: 3204886316640868934, guid: 5097234a820dca242838503cf26fa72c, type: 3}
      propertyPath: m_LocalRotation.y
      value: -0
      objectReference: {fileID: 0}
    - target: {fileID: 3204886316640868934, guid: 5097234a820dca242838503cf26fa72c, type: 3}
      propertyPath: m_LocalRotation.z
      value: -0
      objectReference: {fileID: 0}
    - target: {fileID: 3204886316640868934, guid: 5097234a820dca242838503cf26fa72c, type: 3}
      propertyPath: m_LocalEulerAnglesHint.x
      value: -90
      objectReference: {fileID: 0}
    - target: {fileID: 3204886316640868934, guid: 5097234a820dca242838503cf26fa72c, type: 3}
      propertyPath: m_LocalEulerAnglesHint.y
      value: 0
      objectReference: {fileID: 0}
    - target: {fileID: 3204886316640868934, guid: 5097234a820dca242838503cf26fa72c, type: 3}
      propertyPath: m_LocalEulerAnglesHint.z
      value: 0
      objectReference: {fileID: 0}
    m_RemovedComponents: []
  m_SourcePrefab: {fileID: 100100000, guid: 5097234a820dca242838503cf26fa72c, type: 3}
--- !u!4 &9154892595133533499 stripped
Transform:
  m_CorrespondingSourceObject: {fileID: 3204886316640868934, guid: 5097234a820dca242838503cf26fa72c, type: 3}
  m_PrefabInstance: {fileID: 6014202505593509757}
  m_PrefabAsset: {fileID: 0}
--- !u!1001 &6368655825861343715
PrefabInstance:
  m_ObjectHideFlags: 0
  serializedVersion: 2
  m_Modification:
    m_TransformParent: {fileID: 5000856634352220795}
    m_Modifications:
    - target: {fileID: 1910122807768483961, guid: 5097234a820dca242838503cf26fa72c, type: 3}
      propertyPath: m_Name
      value: Bathroom_1x1_Floor (14)
      objectReference: {fileID: 0}
    - target: {fileID: 3204886316640868934, guid: 5097234a820dca242838503cf26fa72c, type: 3}
      propertyPath: m_RootOrder
      value: 14
      objectReference: {fileID: 0}
    - target: {fileID: 3204886316640868934, guid: 5097234a820dca242838503cf26fa72c, type: 3}
      propertyPath: m_LocalPosition.x
      value: 4.9841967
      objectReference: {fileID: 0}
    - target: {fileID: 3204886316640868934, guid: 5097234a820dca242838503cf26fa72c, type: 3}
      propertyPath: m_LocalPosition.y
      value: 0
      objectReference: {fileID: 0}
    - target: {fileID: 3204886316640868934, guid: 5097234a820dca242838503cf26fa72c, type: 3}
      propertyPath: m_LocalPosition.z
      value: -2
      objectReference: {fileID: 0}
    - target: {fileID: 3204886316640868934, guid: 5097234a820dca242838503cf26fa72c, type: 3}
      propertyPath: m_LocalRotation.w
      value: 0.7071068
      objectReference: {fileID: 0}
    - target: {fileID: 3204886316640868934, guid: 5097234a820dca242838503cf26fa72c, type: 3}
      propertyPath: m_LocalRotation.x
      value: -0.7071068
      objectReference: {fileID: 0}
    - target: {fileID: 3204886316640868934, guid: 5097234a820dca242838503cf26fa72c, type: 3}
      propertyPath: m_LocalRotation.y
      value: -0
      objectReference: {fileID: 0}
    - target: {fileID: 3204886316640868934, guid: 5097234a820dca242838503cf26fa72c, type: 3}
      propertyPath: m_LocalRotation.z
      value: -0
      objectReference: {fileID: 0}
    - target: {fileID: 3204886316640868934, guid: 5097234a820dca242838503cf26fa72c, type: 3}
      propertyPath: m_LocalEulerAnglesHint.x
      value: -90
      objectReference: {fileID: 0}
    - target: {fileID: 3204886316640868934, guid: 5097234a820dca242838503cf26fa72c, type: 3}
      propertyPath: m_LocalEulerAnglesHint.y
      value: 0
      objectReference: {fileID: 0}
    - target: {fileID: 3204886316640868934, guid: 5097234a820dca242838503cf26fa72c, type: 3}
      propertyPath: m_LocalEulerAnglesHint.z
      value: 0
      objectReference: {fileID: 0}
    m_RemovedComponents: []
  m_SourcePrefab: {fileID: 100100000, guid: 5097234a820dca242838503cf26fa72c, type: 3}
--- !u!4 &8365446911406924709 stripped
Transform:
  m_CorrespondingSourceObject: {fileID: 3204886316640868934, guid: 5097234a820dca242838503cf26fa72c, type: 3}
  m_PrefabInstance: {fileID: 6368655825861343715}
  m_PrefabAsset: {fileID: 0}
--- !u!1001 &7175869823230708267
PrefabInstance:
  m_ObjectHideFlags: 0
  serializedVersion: 2
  m_Modification:
    m_TransformParent: {fileID: 5000856634352220795}
    m_Modifications:
    - target: {fileID: 1910122807768483961, guid: 5097234a820dca242838503cf26fa72c, type: 3}
      propertyPath: m_Name
      value: Bathroom_1x1_Floor (4)
      objectReference: {fileID: 0}
    - target: {fileID: 3204886316640868934, guid: 5097234a820dca242838503cf26fa72c, type: 3}
      propertyPath: m_RootOrder
      value: 4
      objectReference: {fileID: 0}
    - target: {fileID: 3204886316640868934, guid: 5097234a820dca242838503cf26fa72c, type: 3}
      propertyPath: m_LocalPosition.x
      value: 0.9821081
      objectReference: {fileID: 0}
    - target: {fileID: 3204886316640868934, guid: 5097234a820dca242838503cf26fa72c, type: 3}
      propertyPath: m_LocalPosition.y
      value: 0
      objectReference: {fileID: 0}
    - target: {fileID: 3204886316640868934, guid: 5097234a820dca242838503cf26fa72c, type: 3}
      propertyPath: m_LocalPosition.z
      value: -2
      objectReference: {fileID: 0}
    - target: {fileID: 3204886316640868934, guid: 5097234a820dca242838503cf26fa72c, type: 3}
      propertyPath: m_LocalRotation.w
      value: 0.7071068
      objectReference: {fileID: 0}
    - target: {fileID: 3204886316640868934, guid: 5097234a820dca242838503cf26fa72c, type: 3}
      propertyPath: m_LocalRotation.x
      value: -0.7071068
      objectReference: {fileID: 0}
    - target: {fileID: 3204886316640868934, guid: 5097234a820dca242838503cf26fa72c, type: 3}
      propertyPath: m_LocalRotation.y
      value: -0
      objectReference: {fileID: 0}
    - target: {fileID: 3204886316640868934, guid: 5097234a820dca242838503cf26fa72c, type: 3}
      propertyPath: m_LocalRotation.z
      value: -0
      objectReference: {fileID: 0}
    - target: {fileID: 3204886316640868934, guid: 5097234a820dca242838503cf26fa72c, type: 3}
      propertyPath: m_LocalEulerAnglesHint.x
      value: -90
      objectReference: {fileID: 0}
    - target: {fileID: 3204886316640868934, guid: 5097234a820dca242838503cf26fa72c, type: 3}
      propertyPath: m_LocalEulerAnglesHint.y
      value: 0
      objectReference: {fileID: 0}
    - target: {fileID: 3204886316640868934, guid: 5097234a820dca242838503cf26fa72c, type: 3}
      propertyPath: m_LocalEulerAnglesHint.z
      value: 0
      objectReference: {fileID: 0}
    m_RemovedComponents: []
  m_SourcePrefab: {fileID: 100100000, guid: 5097234a820dca242838503cf26fa72c, type: 3}
--- !u!4 &5760038546639360109 stripped
Transform:
  m_CorrespondingSourceObject: {fileID: 3204886316640868934, guid: 5097234a820dca242838503cf26fa72c, type: 3}
  m_PrefabInstance: {fileID: 7175869823230708267}
  m_PrefabAsset: {fileID: 0}
--- !u!1001 &7278902149471772131
PrefabInstance:
  m_ObjectHideFlags: 0
  serializedVersion: 2
  m_Modification:
    m_TransformParent: {fileID: 5000856634352220795}
    m_Modifications:
    - target: {fileID: 1910122807768483961, guid: 5097234a820dca242838503cf26fa72c, type: 3}
      propertyPath: m_Name
      value: Bathroom_1x1_Floor (17)
      objectReference: {fileID: 0}
    - target: {fileID: 3204886316640868934, guid: 5097234a820dca242838503cf26fa72c, type: 3}
      propertyPath: m_RootOrder
      value: 17
      objectReference: {fileID: 0}
    - target: {fileID: 3204886316640868934, guid: 5097234a820dca242838503cf26fa72c, type: 3}
      propertyPath: m_LocalPosition.x
      value: 0.9821086
      objectReference: {fileID: 0}
    - target: {fileID: 3204886316640868934, guid: 5097234a820dca242838503cf26fa72c, type: 3}
      propertyPath: m_LocalPosition.y
      value: 0.00000023841858
      objectReference: {fileID: 0}
    - target: {fileID: 3204886316640868934, guid: 5097234a820dca242838503cf26fa72c, type: 3}
      propertyPath: m_LocalPosition.z
      value: 4
      objectReference: {fileID: 0}
    - target: {fileID: 3204886316640868934, guid: 5097234a820dca242838503cf26fa72c, type: 3}
      propertyPath: m_LocalRotation.w
      value: 0.7071068
      objectReference: {fileID: 0}
    - target: {fileID: 3204886316640868934, guid: 5097234a820dca242838503cf26fa72c, type: 3}
      propertyPath: m_LocalRotation.x
      value: -0.7071068
      objectReference: {fileID: 0}
    - target: {fileID: 3204886316640868934, guid: 5097234a820dca242838503cf26fa72c, type: 3}
      propertyPath: m_LocalRotation.y
      value: -0
      objectReference: {fileID: 0}
    - target: {fileID: 3204886316640868934, guid: 5097234a820dca242838503cf26fa72c, type: 3}
      propertyPath: m_LocalRotation.z
      value: -0
      objectReference: {fileID: 0}
    - target: {fileID: 3204886316640868934, guid: 5097234a820dca242838503cf26fa72c, type: 3}
      propertyPath: m_LocalEulerAnglesHint.x
      value: -90
      objectReference: {fileID: 0}
    - target: {fileID: 3204886316640868934, guid: 5097234a820dca242838503cf26fa72c, type: 3}
      propertyPath: m_LocalEulerAnglesHint.y
      value: 0
      objectReference: {fileID: 0}
    - target: {fileID: 3204886316640868934, guid: 5097234a820dca242838503cf26fa72c, type: 3}
      propertyPath: m_LocalEulerAnglesHint.z
      value: 0
      objectReference: {fileID: 0}
    m_RemovedComponents: []
  m_SourcePrefab: {fileID: 100100000, guid: 5097234a820dca242838503cf26fa72c, type: 3}
--- !u!4 &5294493663508039589 stripped
Transform:
  m_CorrespondingSourceObject: {fileID: 3204886316640868934, guid: 5097234a820dca242838503cf26fa72c, type: 3}
  m_PrefabInstance: {fileID: 7278902149471772131}
  m_PrefabAsset: {fileID: 0}
--- !u!1001 &7533543331697934816
PrefabInstance:
  m_ObjectHideFlags: 0
  serializedVersion: 2
  m_Modification:
    m_TransformParent: {fileID: 5000856634352220795}
    m_Modifications:
    - target: {fileID: 1910122807768483961, guid: 5097234a820dca242838503cf26fa72c, type: 3}
      propertyPath: m_Name
      value: Bathroom_1x1_Floor (8)
      objectReference: {fileID: 0}
    - target: {fileID: 3204886316640868934, guid: 5097234a820dca242838503cf26fa72c, type: 3}
      propertyPath: m_RootOrder
      value: 8
      objectReference: {fileID: 0}
    - target: {fileID: 3204886316640868934, guid: 5097234a820dca242838503cf26fa72c, type: 3}
      propertyPath: m_LocalPosition.x
      value: -1.0189352
      objectReference: {fileID: 0}
    - target: {fileID: 3204886316640868934, guid: 5097234a820dca242838503cf26fa72c, type: 3}
      propertyPath: m_LocalPosition.y
      value: 0
      objectReference: {fileID: 0}
    - target: {fileID: 3204886316640868934, guid: 5097234a820dca242838503cf26fa72c, type: 3}
      propertyPath: m_LocalPosition.z
      value: 0
      objectReference: {fileID: 0}
    - target: {fileID: 3204886316640868934, guid: 5097234a820dca242838503cf26fa72c, type: 3}
      propertyPath: m_LocalRotation.w
      value: 0.7071068
      objectReference: {fileID: 0}
    - target: {fileID: 3204886316640868934, guid: 5097234a820dca242838503cf26fa72c, type: 3}
      propertyPath: m_LocalRotation.x
      value: -0.7071068
      objectReference: {fileID: 0}
    - target: {fileID: 3204886316640868934, guid: 5097234a820dca242838503cf26fa72c, type: 3}
      propertyPath: m_LocalRotation.y
      value: -0
      objectReference: {fileID: 0}
    - target: {fileID: 3204886316640868934, guid: 5097234a820dca242838503cf26fa72c, type: 3}
      propertyPath: m_LocalRotation.z
      value: -0
      objectReference: {fileID: 0}
    - target: {fileID: 3204886316640868934, guid: 5097234a820dca242838503cf26fa72c, type: 3}
      propertyPath: m_LocalEulerAnglesHint.x
      value: -90
      objectReference: {fileID: 0}
    - target: {fileID: 3204886316640868934, guid: 5097234a820dca242838503cf26fa72c, type: 3}
      propertyPath: m_LocalEulerAnglesHint.y
      value: 0
      objectReference: {fileID: 0}
    - target: {fileID: 3204886316640868934, guid: 5097234a820dca242838503cf26fa72c, type: 3}
      propertyPath: m_LocalEulerAnglesHint.z
      value: 0
      objectReference: {fileID: 0}
    m_RemovedComponents: []
  m_SourcePrefab: {fileID: 100100000, guid: 5097234a820dca242838503cf26fa72c, type: 3}
--- !u!4 &4969316061414284198 stripped
Transform:
  m_CorrespondingSourceObject: {fileID: 3204886316640868934, guid: 5097234a820dca242838503cf26fa72c, type: 3}
  m_PrefabInstance: {fileID: 7533543331697934816}
  m_PrefabAsset: {fileID: 0}
--- !u!1001 &7726278597940069948
PrefabInstance:
  m_ObjectHideFlags: 0
  serializedVersion: 2
  m_Modification:
    m_TransformParent: {fileID: 5000856634352220795}
    m_Modifications:
    - target: {fileID: 1910122807768483961, guid: 5097234a820dca242838503cf26fa72c, type: 3}
      propertyPath: m_Name
      value: Bathroom_1x1_Floor (2)
      objectReference: {fileID: 0}
    - target: {fileID: 3204886316640868934, guid: 5097234a820dca242838503cf26fa72c, type: 3}
      propertyPath: m_RootOrder
      value: 2
      objectReference: {fileID: 0}
    - target: {fileID: 3204886316640868934, guid: 5097234a820dca242838503cf26fa72c, type: 3}
      propertyPath: m_LocalPosition.x
      value: -3.01998
      objectReference: {fileID: 0}
    - target: {fileID: 3204886316640868934, guid: 5097234a820dca242838503cf26fa72c, type: 3}
      propertyPath: m_LocalPosition.y
      value: 0
      objectReference: {fileID: 0}
    - target: {fileID: 3204886316640868934, guid: 5097234a820dca242838503cf26fa72c, type: 3}
      propertyPath: m_LocalPosition.z
      value: 2
      objectReference: {fileID: 0}
    - target: {fileID: 3204886316640868934, guid: 5097234a820dca242838503cf26fa72c, type: 3}
      propertyPath: m_LocalRotation.w
      value: 0.7071068
      objectReference: {fileID: 0}
    - target: {fileID: 3204886316640868934, guid: 5097234a820dca242838503cf26fa72c, type: 3}
      propertyPath: m_LocalRotation.x
      value: -0.7071068
      objectReference: {fileID: 0}
    - target: {fileID: 3204886316640868934, guid: 5097234a820dca242838503cf26fa72c, type: 3}
      propertyPath: m_LocalRotation.y
      value: -0
      objectReference: {fileID: 0}
    - target: {fileID: 3204886316640868934, guid: 5097234a820dca242838503cf26fa72c, type: 3}
      propertyPath: m_LocalRotation.z
      value: -0
      objectReference: {fileID: 0}
    - target: {fileID: 3204886316640868934, guid: 5097234a820dca242838503cf26fa72c, type: 3}
      propertyPath: m_LocalEulerAnglesHint.x
      value: -90
      objectReference: {fileID: 0}
    - target: {fileID: 3204886316640868934, guid: 5097234a820dca242838503cf26fa72c, type: 3}
      propertyPath: m_LocalEulerAnglesHint.y
      value: 0
      objectReference: {fileID: 0}
    - target: {fileID: 3204886316640868934, guid: 5097234a820dca242838503cf26fa72c, type: 3}
      propertyPath: m_LocalEulerAnglesHint.z
      value: 0
      objectReference: {fileID: 0}
    m_RemovedComponents: []
  m_SourcePrefab: {fileID: 100100000, guid: 5097234a820dca242838503cf26fa72c, type: 3}
--- !u!4 &5135029831893277818 stripped
Transform:
  m_CorrespondingSourceObject: {fileID: 3204886316640868934, guid: 5097234a820dca242838503cf26fa72c, type: 3}
  m_PrefabInstance: {fileID: 7726278597940069948}
  m_PrefabAsset: {fileID: 0}
--- !u!1001 &7781060094890268606
PrefabInstance:
  m_ObjectHideFlags: 0
  serializedVersion: 2
  m_Modification:
    m_TransformParent: {fileID: 5000856634352220795}
    m_Modifications:
    - target: {fileID: 1910122807768483961, guid: 5097234a820dca242838503cf26fa72c, type: 3}
      propertyPath: m_Name
      value: Bathroom_1x1_Floor (6)
      objectReference: {fileID: 0}
    - target: {fileID: 3204886316640868934, guid: 5097234a820dca242838503cf26fa72c, type: 3}
      propertyPath: m_RootOrder
      value: 6
      objectReference: {fileID: 0}
    - target: {fileID: 3204886316640868934, guid: 5097234a820dca242838503cf26fa72c, type: 3}
      propertyPath: m_LocalPosition.x
      value: 4.9841967
      objectReference: {fileID: 0}
    - target: {fileID: 3204886316640868934, guid: 5097234a820dca242838503cf26fa72c, type: 3}
      propertyPath: m_LocalPosition.y
      value: 0.00000023841858
      objectReference: {fileID: 0}
    - target: {fileID: 3204886316640868934, guid: 5097234a820dca242838503cf26fa72c, type: 3}
      propertyPath: m_LocalPosition.z
      value: 0
      objectReference: {fileID: 0}
    - target: {fileID: 3204886316640868934, guid: 5097234a820dca242838503cf26fa72c, type: 3}
      propertyPath: m_LocalRotation.w
      value: 0.7071068
      objectReference: {fileID: 0}
    - target: {fileID: 3204886316640868934, guid: 5097234a820dca242838503cf26fa72c, type: 3}
      propertyPath: m_LocalRotation.x
      value: -0.7071068
      objectReference: {fileID: 0}
    - target: {fileID: 3204886316640868934, guid: 5097234a820dca242838503cf26fa72c, type: 3}
      propertyPath: m_LocalRotation.y
      value: -0
      objectReference: {fileID: 0}
    - target: {fileID: 3204886316640868934, guid: 5097234a820dca242838503cf26fa72c, type: 3}
      propertyPath: m_LocalRotation.z
      value: -0
      objectReference: {fileID: 0}
    - target: {fileID: 3204886316640868934, guid: 5097234a820dca242838503cf26fa72c, type: 3}
      propertyPath: m_LocalEulerAnglesHint.x
      value: -90
      objectReference: {fileID: 0}
    - target: {fileID: 3204886316640868934, guid: 5097234a820dca242838503cf26fa72c, type: 3}
      propertyPath: m_LocalEulerAnglesHint.y
      value: 0
      objectReference: {fileID: 0}
    - target: {fileID: 3204886316640868934, guid: 5097234a820dca242838503cf26fa72c, type: 3}
      propertyPath: m_LocalEulerAnglesHint.z
      value: 0
      objectReference: {fileID: 0}
    m_RemovedComponents: []
  m_SourcePrefab: {fileID: 100100000, guid: 5097234a820dca242838503cf26fa72c, type: 3}
--- !u!4 &5152658872280108536 stripped
Transform:
  m_CorrespondingSourceObject: {fileID: 3204886316640868934, guid: 5097234a820dca242838503cf26fa72c, type: 3}
  m_PrefabInstance: {fileID: 7781060094890268606}
  m_PrefabAsset: {fileID: 0}
--- !u!1001 &7831921006667577210
PrefabInstance:
  m_ObjectHideFlags: 0
  serializedVersion: 2
  m_Modification:
    m_TransformParent: {fileID: 5000856634352220795}
    m_Modifications:
    - target: {fileID: 1910122807768483961, guid: 5097234a820dca242838503cf26fa72c, type: 3}
      propertyPath: m_Name
      value: Bathroom_1x1_Floor (11)
      objectReference: {fileID: 0}
    - target: {fileID: 3204886316640868934, guid: 5097234a820dca242838503cf26fa72c, type: 3}
      propertyPath: m_RootOrder
      value: 11
      objectReference: {fileID: 0}
    - target: {fileID: 3204886316640868934, guid: 5097234a820dca242838503cf26fa72c, type: 3}
      propertyPath: m_LocalPosition.x
      value: 2.9831524
      objectReference: {fileID: 0}
    - target: {fileID: 3204886316640868934, guid: 5097234a820dca242838503cf26fa72c, type: 3}
      propertyPath: m_LocalPosition.y
      value: 0
      objectReference: {fileID: 0}
    - target: {fileID: 3204886316640868934, guid: 5097234a820dca242838503cf26fa72c, type: 3}
      propertyPath: m_LocalPosition.z
      value: 2
      objectReference: {fileID: 0}
    - target: {fileID: 3204886316640868934, guid: 5097234a820dca242838503cf26fa72c, type: 3}
      propertyPath: m_LocalRotation.w
      value: 0.7071068
      objectReference: {fileID: 0}
    - target: {fileID: 3204886316640868934, guid: 5097234a820dca242838503cf26fa72c, type: 3}
      propertyPath: m_LocalRotation.x
      value: -0.7071068
      objectReference: {fileID: 0}
    - target: {fileID: 3204886316640868934, guid: 5097234a820dca242838503cf26fa72c, type: 3}
      propertyPath: m_LocalRotation.y
      value: -0
      objectReference: {fileID: 0}
    - target: {fileID: 3204886316640868934, guid: 5097234a820dca242838503cf26fa72c, type: 3}
      propertyPath: m_LocalRotation.z
      value: -0
      objectReference: {fileID: 0}
    - target: {fileID: 3204886316640868934, guid: 5097234a820dca242838503cf26fa72c, type: 3}
      propertyPath: m_LocalEulerAnglesHint.x
      value: -90
      objectReference: {fileID: 0}
    - target: {fileID: 3204886316640868934, guid: 5097234a820dca242838503cf26fa72c, type: 3}
      propertyPath: m_LocalEulerAnglesHint.y
      value: 0
      objectReference: {fileID: 0}
    - target: {fileID: 3204886316640868934, guid: 5097234a820dca242838503cf26fa72c, type: 3}
      propertyPath: m_LocalEulerAnglesHint.z
      value: 0
      objectReference: {fileID: 0}
    m_RemovedComponents: []
  m_SourcePrefab: {fileID: 100100000, guid: 5097234a820dca242838503cf26fa72c, type: 3}
--- !u!4 &4668712974841851196 stripped
Transform:
  m_CorrespondingSourceObject: {fileID: 3204886316640868934, guid: 5097234a820dca242838503cf26fa72c, type: 3}
  m_PrefabInstance: {fileID: 7831921006667577210}
  m_PrefabAsset: {fileID: 0}
--- !u!1001 &8123486801575130259
PrefabInstance:
  m_ObjectHideFlags: 0
  serializedVersion: 2
  m_Modification:
    m_TransformParent: {fileID: 5000856634352220795}
    m_Modifications:
    - target: {fileID: 1910122807768483961, guid: 5097234a820dca242838503cf26fa72c, type: 3}
      propertyPath: m_Name
      value: Bathroom_1x1_Floor (20)
      objectReference: {fileID: 0}
    - target: {fileID: 3204886316640868934, guid: 5097234a820dca242838503cf26fa72c, type: 3}
      propertyPath: m_RootOrder
      value: 20
      objectReference: {fileID: 0}
    - target: {fileID: 3204886316640868934, guid: 5097234a820dca242838503cf26fa72c, type: 3}
      propertyPath: m_LocalPosition.x
      value: 6.9852386
      objectReference: {fileID: 0}
    - target: {fileID: 3204886316640868934, guid: 5097234a820dca242838503cf26fa72c, type: 3}
      propertyPath: m_LocalPosition.y
      value: -0.00000059604645
      objectReference: {fileID: 0}
    - target: {fileID: 3204886316640868934, guid: 5097234a820dca242838503cf26fa72c, type: 3}
      propertyPath: m_LocalPosition.z
      value: 0.0000038146973
      objectReference: {fileID: 0}
    - target: {fileID: 3204886316640868934, guid: 5097234a820dca242838503cf26fa72c, type: 3}
      propertyPath: m_LocalRotation.w
      value: 0.7071068
      objectReference: {fileID: 0}
    - target: {fileID: 3204886316640868934, guid: 5097234a820dca242838503cf26fa72c, type: 3}
      propertyPath: m_LocalRotation.x
      value: -0.7071068
      objectReference: {fileID: 0}
    - target: {fileID: 3204886316640868934, guid: 5097234a820dca242838503cf26fa72c, type: 3}
      propertyPath: m_LocalRotation.y
      value: -0
      objectReference: {fileID: 0}
    - target: {fileID: 3204886316640868934, guid: 5097234a820dca242838503cf26fa72c, type: 3}
      propertyPath: m_LocalRotation.z
      value: -0
      objectReference: {fileID: 0}
    - target: {fileID: 3204886316640868934, guid: 5097234a820dca242838503cf26fa72c, type: 3}
      propertyPath: m_LocalEulerAnglesHint.x
      value: -90
      objectReference: {fileID: 0}
    - target: {fileID: 3204886316640868934, guid: 5097234a820dca242838503cf26fa72c, type: 3}
      propertyPath: m_LocalEulerAnglesHint.y
      value: 0
      objectReference: {fileID: 0}
    - target: {fileID: 3204886316640868934, guid: 5097234a820dca242838503cf26fa72c, type: 3}
      propertyPath: m_LocalEulerAnglesHint.z
      value: 0
      objectReference: {fileID: 0}
    m_RemovedComponents: []
  m_SourcePrefab: {fileID: 100100000, guid: 5097234a820dca242838503cf26fa72c, type: 3}
--- !u!4 &6685144132493913813 stripped
Transform:
  m_CorrespondingSourceObject: {fileID: 3204886316640868934, guid: 5097234a820dca242838503cf26fa72c, type: 3}
  m_PrefabInstance: {fileID: 8123486801575130259}
  m_PrefabAsset: {fileID: 0}
--- !u!1001 &8404560137096286579
PrefabInstance:
  m_ObjectHideFlags: 0
  serializedVersion: 2
  m_Modification:
    m_TransformParent: {fileID: 5000856634352220795}
    m_Modifications:
    - target: {fileID: 1910122807768483961, guid: 5097234a820dca242838503cf26fa72c, type: 3}
      propertyPath: m_Name
      value: Bathroom_1x1_Floor (12)
      objectReference: {fileID: 0}
    - target: {fileID: 3204886316640868934, guid: 5097234a820dca242838503cf26fa72c, type: 3}
      propertyPath: m_RootOrder
      value: 12
      objectReference: {fileID: 0}
    - target: {fileID: 3204886316640868934, guid: 5097234a820dca242838503cf26fa72c, type: 3}
      propertyPath: m_LocalPosition.x
      value: 4.984196
      objectReference: {fileID: 0}
    - target: {fileID: 3204886316640868934, guid: 5097234a820dca242838503cf26fa72c, type: 3}
      propertyPath: m_LocalPosition.y
      value: 0
      objectReference: {fileID: 0}
    - target: {fileID: 3204886316640868934, guid: 5097234a820dca242838503cf26fa72c, type: 3}
      propertyPath: m_LocalPosition.z
      value: 2
      objectReference: {fileID: 0}
    - target: {fileID: 3204886316640868934, guid: 5097234a820dca242838503cf26fa72c, type: 3}
      propertyPath: m_LocalRotation.w
      value: 0.7071068
      objectReference: {fileID: 0}
    - target: {fileID: 3204886316640868934, guid: 5097234a820dca242838503cf26fa72c, type: 3}
      propertyPath: m_LocalRotation.x
      value: -0.7071068
      objectReference: {fileID: 0}
    - target: {fileID: 3204886316640868934, guid: 5097234a820dca242838503cf26fa72c, type: 3}
      propertyPath: m_LocalRotation.y
      value: -0
      objectReference: {fileID: 0}
    - target: {fileID: 3204886316640868934, guid: 5097234a820dca242838503cf26fa72c, type: 3}
      propertyPath: m_LocalRotation.z
      value: -0
      objectReference: {fileID: 0}
    - target: {fileID: 3204886316640868934, guid: 5097234a820dca242838503cf26fa72c, type: 3}
      propertyPath: m_LocalEulerAnglesHint.x
      value: -90
      objectReference: {fileID: 0}
    - target: {fileID: 3204886316640868934, guid: 5097234a820dca242838503cf26fa72c, type: 3}
      propertyPath: m_LocalEulerAnglesHint.y
      value: 0
      objectReference: {fileID: 0}
    - target: {fileID: 3204886316640868934, guid: 5097234a820dca242838503cf26fa72c, type: 3}
      propertyPath: m_LocalEulerAnglesHint.z
      value: 0
      objectReference: {fileID: 0}
    m_RemovedComponents: []
  m_SourcePrefab: {fileID: 100100000, guid: 5097234a820dca242838503cf26fa72c, type: 3}
--- !u!4 &6402137305773755189 stripped
Transform:
  m_CorrespondingSourceObject: {fileID: 3204886316640868934, guid: 5097234a820dca242838503cf26fa72c, type: 3}
  m_PrefabInstance: {fileID: 8404560137096286579}
  m_PrefabAsset: {fileID: 0}
--- !u!1001 &8467001365000818137
PrefabInstance:
  m_ObjectHideFlags: 0
  serializedVersion: 2
  m_Modification:
    m_TransformParent: {fileID: 5000856634352220795}
    m_Modifications:
    - target: {fileID: 1910122807768483961, guid: 5097234a820dca242838503cf26fa72c, type: 3}
      propertyPath: m_Name
      value: Bathroom_1x1_Floor (19)
      objectReference: {fileID: 0}
    - target: {fileID: 3204886316640868934, guid: 5097234a820dca242838503cf26fa72c, type: 3}
      propertyPath: m_RootOrder
      value: 19
      objectReference: {fileID: 0}
    - target: {fileID: 3204886316640868934, guid: 5097234a820dca242838503cf26fa72c, type: 3}
      propertyPath: m_LocalPosition.x
      value: 4.984196
      objectReference: {fileID: 0}
    - target: {fileID: 3204886316640868934, guid: 5097234a820dca242838503cf26fa72c, type: 3}
      propertyPath: m_LocalPosition.y
      value: 0.00000023841858
      objectReference: {fileID: 0}
    - target: {fileID: 3204886316640868934, guid: 5097234a820dca242838503cf26fa72c, type: 3}
      propertyPath: m_LocalPosition.z
      value: 4
      objectReference: {fileID: 0}
    - target: {fileID: 3204886316640868934, guid: 5097234a820dca242838503cf26fa72c, type: 3}
      propertyPath: m_LocalRotation.w
      value: 0.7071068
      objectReference: {fileID: 0}
    - target: {fileID: 3204886316640868934, guid: 5097234a820dca242838503cf26fa72c, type: 3}
      propertyPath: m_LocalRotation.x
      value: -0.7071068
      objectReference: {fileID: 0}
    - target: {fileID: 3204886316640868934, guid: 5097234a820dca242838503cf26fa72c, type: 3}
      propertyPath: m_LocalRotation.y
      value: -0
      objectReference: {fileID: 0}
    - target: {fileID: 3204886316640868934, guid: 5097234a820dca242838503cf26fa72c, type: 3}
      propertyPath: m_LocalRotation.z
      value: -0
      objectReference: {fileID: 0}
    - target: {fileID: 3204886316640868934, guid: 5097234a820dca242838503cf26fa72c, type: 3}
      propertyPath: m_LocalEulerAnglesHint.x
      value: -90
      objectReference: {fileID: 0}
    - target: {fileID: 3204886316640868934, guid: 5097234a820dca242838503cf26fa72c, type: 3}
      propertyPath: m_LocalEulerAnglesHint.y
      value: 0
      objectReference: {fileID: 0}
    - target: {fileID: 3204886316640868934, guid: 5097234a820dca242838503cf26fa72c, type: 3}
      propertyPath: m_LocalEulerAnglesHint.z
      value: 0
      objectReference: {fileID: 0}
    m_RemovedComponents: []
  m_SourcePrefab: {fileID: 100100000, guid: 5097234a820dca242838503cf26fa72c, type: 3}
--- !u!4 &6483740896935057311 stripped
Transform:
  m_CorrespondingSourceObject: {fileID: 3204886316640868934, guid: 5097234a820dca242838503cf26fa72c, type: 3}
  m_PrefabInstance: {fileID: 8467001365000818137}
  m_PrefabAsset: {fileID: 0}
--- !u!1001 &8811959134184270414
PrefabInstance:
  m_ObjectHideFlags: 0
  serializedVersion: 2
  m_Modification:
    m_TransformParent: {fileID: 5000856634352220795}
    m_Modifications:
    - target: {fileID: 1910122807768483961, guid: 5097234a820dca242838503cf26fa72c, type: 3}
      propertyPath: m_Name
      value: Bathroom_1x1_Floor (1)
      objectReference: {fileID: 0}
    - target: {fileID: 3204886316640868934, guid: 5097234a820dca242838503cf26fa72c, type: 3}
      propertyPath: m_RootOrder
      value: 1
      objectReference: {fileID: 0}
    - target: {fileID: 3204886316640868934, guid: 5097234a820dca242838503cf26fa72c, type: 3}
      propertyPath: m_LocalPosition.x
      value: -3.01998
      objectReference: {fileID: 0}
    - target: {fileID: 3204886316640868934, guid: 5097234a820dca242838503cf26fa72c, type: 3}
      propertyPath: m_LocalPosition.y
      value: 0
      objectReference: {fileID: 0}
    - target: {fileID: 3204886316640868934, guid: 5097234a820dca242838503cf26fa72c, type: 3}
      propertyPath: m_LocalPosition.z
      value: 0
      objectReference: {fileID: 0}
    - target: {fileID: 3204886316640868934, guid: 5097234a820dca242838503cf26fa72c, type: 3}
      propertyPath: m_LocalRotation.w
      value: 0.7071068
      objectReference: {fileID: 0}
    - target: {fileID: 3204886316640868934, guid: 5097234a820dca242838503cf26fa72c, type: 3}
      propertyPath: m_LocalRotation.x
      value: -0.7071068
      objectReference: {fileID: 0}
    - target: {fileID: 3204886316640868934, guid: 5097234a820dca242838503cf26fa72c, type: 3}
      propertyPath: m_LocalRotation.y
      value: -0
      objectReference: {fileID: 0}
    - target: {fileID: 3204886316640868934, guid: 5097234a820dca242838503cf26fa72c, type: 3}
      propertyPath: m_LocalRotation.z
      value: -0
      objectReference: {fileID: 0}
    - target: {fileID: 3204886316640868934, guid: 5097234a820dca242838503cf26fa72c, type: 3}
      propertyPath: m_LocalEulerAnglesHint.x
      value: -90
      objectReference: {fileID: 0}
    - target: {fileID: 3204886316640868934, guid: 5097234a820dca242838503cf26fa72c, type: 3}
      propertyPath: m_LocalEulerAnglesHint.y
      value: 0
      objectReference: {fileID: 0}
    - target: {fileID: 3204886316640868934, guid: 5097234a820dca242838503cf26fa72c, type: 3}
      propertyPath: m_LocalEulerAnglesHint.z
      value: 0
      objectReference: {fileID: 0}
    m_RemovedComponents: []
  m_SourcePrefab: {fileID: 100100000, guid: 5097234a820dca242838503cf26fa72c, type: 3}
--- !u!4 &6210557597509775368 stripped
Transform:
  m_CorrespondingSourceObject: {fileID: 3204886316640868934, guid: 5097234a820dca242838503cf26fa72c, type: 3}
  m_PrefabInstance: {fileID: 8811959134184270414}
  m_PrefabAsset: {fileID: 0}
