%YAML 1.1
%TAG !u! tag:unity3d.com,2011:
--- !u!1 &3914252519705102434
GameObject:
  m_ObjectHideFlags: 0
  m_CorrespondingSourceObject: {fileID: 0}
  m_PrefabInstance: {fileID: 0}
  m_PrefabAsset: {fileID: 0}
  serializedVersion: 6
  m_Component:
  - component: {fileID: 3914252519705102433}
  m_Layer: 0
  m_Name: Room1_bathroom_Walls_lvl3
  m_TagString: Untagged
  m_Icon: {fileID: 0}
  m_NavMeshLayer: 0
  m_StaticEditorFlags: 0
  m_IsActive: 1
--- !u!4 &3914252519705102433
Transform:
  m_ObjectHideFlags: 0
  m_CorrespondingSourceObject: {fileID: 0}
  m_PrefabInstance: {fileID: 0}
  m_PrefabAsset: {fileID: 0}
  m_GameObject: {fileID: 3914252519705102434}
  m_LocalRotation: {x: -0, y: -0, z: -0, w: 1}
  m_LocalPosition: {x: -4.0032988, y: 0.0000009536743, z: 2.000019}
  m_LocalScale: {x: 1, y: 1, z: 1}
  m_ConstrainProportionsScale: 0
  m_Children:
  - {fileID: 5889079295774929677}
  - {fileID: 5889079294113456261}
  - {fileID: 5889079293927306092}
  - {fileID: 5889079295444775564}
  - {fileID: 5889079294185719641}
  - {fileID: 2561085680815124202}
  - {fileID: 5889079293980440508}
  - {fileID: 5889079294626136850}
  - {fileID: 5889079295707904066}
  - {fileID: 5889079295111162136}
  - {fileID: 5889079294520379189}
  - {fileID: 5889079295145530397}
  - {fileID: 5889079295808853440}
  - {fileID: 5889079293853558652}
  - {fileID: 2624920802831464526}
  - {fileID: 464845923070538433}
  - {fileID: 1527993194950390136}
  - {fileID: 6364404475791404292}
  - {fileID: 7379154287484003475}
  - {fileID: 731055990940307511}
  - {fileID: 5883165026771156931}
  - {fileID: 4559320273084647738}
  - {fileID: 5225965326089970272}
  m_Father: {fileID: 0}
  m_RootOrder: 0
  m_LocalEulerAnglesHint: {x: 0, y: 0, z: 0}
--- !u!1001 &108091053210233776
PrefabInstance:
  m_ObjectHideFlags: 0
  serializedVersion: 2
  m_Modification:
    m_TransformParent: {fileID: 3914252519705102433}
    m_Modifications:
    - target: {fileID: 4464880455357365502, guid: 88acc80279aa18c4685aec044b412218, type: 3}
      propertyPath: m_Name
      value: Bathroom_Wall (22)
      objectReference: {fileID: 0}
    - target: {fileID: 7487236060334165795, guid: 88acc80279aa18c4685aec044b412218, type: 3}
      propertyPath: m_RootOrder
      value: 18
      objectReference: {fileID: 0}
    - target: {fileID: 7487236060334165795, guid: 88acc80279aa18c4685aec044b412218, type: 3}
      propertyPath: m_LocalScale.z
      value: 0.6000003
      objectReference: {fileID: 0}
    - target: {fileID: 7487236060334165795, guid: 88acc80279aa18c4685aec044b412218, type: 3}
      propertyPath: m_LocalPosition.x
      value: 6.776184
      objectReference: {fileID: 0}
    - target: {fileID: 7487236060334165795, guid: 88acc80279aa18c4685aec044b412218, type: 3}
      propertyPath: m_LocalPosition.y
      value: 0
      objectReference: {fileID: 0}
    - target: {fileID: 7487236060334165795, guid: 88acc80279aa18c4685aec044b412218, type: 3}
      propertyPath: m_LocalPosition.z
      value: 2.3838043
      objectReference: {fileID: 0}
    - target: {fileID: 7487236060334165795, guid: 88acc80279aa18c4685aec044b412218, type: 3}
      propertyPath: m_LocalRotation.w
      value: -0.5
      objectReference: {fileID: 0}
    - target: {fileID: 7487236060334165795, guid: 88acc80279aa18c4685aec044b412218, type: 3}
      propertyPath: m_LocalRotation.x
      value: 0.5
      objectReference: {fileID: 0}
    - target: {fileID: 7487236060334165795, guid: 88acc80279aa18c4685aec044b412218, type: 3}
      propertyPath: m_LocalRotation.y
      value: 0.5
      objectReference: {fileID: 0}
    - target: {fileID: 7487236060334165795, guid: 88acc80279aa18c4685aec044b412218, type: 3}
      propertyPath: m_LocalRotation.z
      value: 0.5
      objectReference: {fileID: 0}
    - target: {fileID: 7487236060334165795, guid: 88acc80279aa18c4685aec044b412218, type: 3}
      propertyPath: m_LocalEulerAnglesHint.x
      value: -90
      objectReference: {fileID: 0}
    - target: {fileID: 7487236060334165795, guid: 88acc80279aa18c4685aec044b412218, type: 3}
      propertyPath: m_LocalEulerAnglesHint.y
      value: 0
      objectReference: {fileID: 0}
    - target: {fileID: 7487236060334165795, guid: 88acc80279aa18c4685aec044b412218, type: 3}
      propertyPath: m_LocalEulerAnglesHint.z
      value: 270
      objectReference: {fileID: 0}
    m_RemovedComponents: []
  m_SourcePrefab: {fileID: 100100000, guid: 88acc80279aa18c4685aec044b412218, type: 3}
--- !u!4 &7379154287484003475 stripped
Transform:
  m_CorrespondingSourceObject: {fileID: 7487236060334165795, guid: 88acc80279aa18c4685aec044b412218, type: 3}
  m_PrefabInstance: {fileID: 108091053210233776}
  m_PrefabAsset: {fileID: 0}
--- !u!1001 &3417768404783689027
PrefabInstance:
  m_ObjectHideFlags: 0
  serializedVersion: 2
  m_Modification:
    m_TransformParent: {fileID: 3914252519705102433}
    m_Modifications:
    - target: {fileID: 4464880455357365502, guid: 88acc80279aa18c4685aec044b412218, type: 3}
      propertyPath: m_Name
      value: Bathroom_Wall (26)
      objectReference: {fileID: 0}
    - target: {fileID: 7487236060334165795, guid: 88acc80279aa18c4685aec044b412218, type: 3}
      propertyPath: m_RootOrder
      value: 22
      objectReference: {fileID: 0}
    - target: {fileID: 7487236060334165795, guid: 88acc80279aa18c4685aec044b412218, type: 3}
      propertyPath: m_LocalScale.z
      value: 0.6000003
      objectReference: {fileID: 0}
    - target: {fileID: 7487236060334165795, guid: 88acc80279aa18c4685aec044b412218, type: 3}
      propertyPath: m_LocalPosition.x
      value: 8.77722
      objectReference: {fileID: 0}
    - target: {fileID: 7487236060334165795, guid: 88acc80279aa18c4685aec044b412218, type: 3}
      propertyPath: m_LocalPosition.y
      value: 0
      objectReference: {fileID: 0}
    - target: {fileID: 7487236060334165795, guid: 88acc80279aa18c4685aec044b412218, type: 3}
      propertyPath: m_LocalPosition.z
      value: 2.3838043
      objectReference: {fileID: 0}
    - target: {fileID: 7487236060334165795, guid: 88acc80279aa18c4685aec044b412218, type: 3}
      propertyPath: m_LocalRotation.w
      value: -0.5
      objectReference: {fileID: 0}
    - target: {fileID: 7487236060334165795, guid: 88acc80279aa18c4685aec044b412218, type: 3}
      propertyPath: m_LocalRotation.x
      value: 0.5
      objectReference: {fileID: 0}
    - target: {fileID: 7487236060334165795, guid: 88acc80279aa18c4685aec044b412218, type: 3}
      propertyPath: m_LocalRotation.y
      value: 0.5
      objectReference: {fileID: 0}
    - target: {fileID: 7487236060334165795, guid: 88acc80279aa18c4685aec044b412218, type: 3}
      propertyPath: m_LocalRotation.z
      value: 0.5
      objectReference: {fileID: 0}
    - target: {fileID: 7487236060334165795, guid: 88acc80279aa18c4685aec044b412218, type: 3}
      propertyPath: m_LocalEulerAnglesHint.x
      value: -90
      objectReference: {fileID: 0}
    - target: {fileID: 7487236060334165795, guid: 88acc80279aa18c4685aec044b412218, type: 3}
      propertyPath: m_LocalEulerAnglesHint.y
      value: 0
      objectReference: {fileID: 0}
    - target: {fileID: 7487236060334165795, guid: 88acc80279aa18c4685aec044b412218, type: 3}
      propertyPath: m_LocalEulerAnglesHint.z
      value: 270
      objectReference: {fileID: 0}
    m_RemovedComponents: []
  m_SourcePrefab: {fileID: 100100000, guid: 88acc80279aa18c4685aec044b412218, type: 3}
--- !u!4 &5225965326089970272 stripped
Transform:
  m_CorrespondingSourceObject: {fileID: 7487236060334165795, guid: 88acc80279aa18c4685aec044b412218, type: 3}
  m_PrefabInstance: {fileID: 3417768404783689027}
  m_PrefabAsset: {fileID: 0}
--- !u!1001 &3581889639852702657
PrefabInstance:
  m_ObjectHideFlags: 0
  serializedVersion: 2
  m_Modification:
    m_TransformParent: {fileID: 3914252519705102433}
    m_Modifications:
    - target: {fileID: 1574283180815352719, guid: 65fa5693894bb6e48bedd2c3e04daf82, type: 3}
      propertyPath: m_RootOrder
      value: 14
      objectReference: {fileID: 0}
    - target: {fileID: 1574283180815352719, guid: 65fa5693894bb6e48bedd2c3e04daf82, type: 3}
      propertyPath: m_LocalScale.y
      value: 0.60000026
      objectReference: {fileID: 0}
    - target: {fileID: 1574283180815352719, guid: 65fa5693894bb6e48bedd2c3e04daf82, type: 3}
      propertyPath: m_LocalPosition.x
      value: 9.589657
      objectReference: {fileID: 0}
    - target: {fileID: 1574283180815352719, guid: 65fa5693894bb6e48bedd2c3e04daf82, type: 3}
      propertyPath: m_LocalPosition.y
      value: 0.46584636
      objectReference: {fileID: 0}
    - target: {fileID: 1574283180815352719, guid: 65fa5693894bb6e48bedd2c3e04daf82, type: 3}
      propertyPath: m_LocalPosition.z
      value: 2.4463005
      objectReference: {fileID: 0}
    - target: {fileID: 1574283180815352719, guid: 65fa5693894bb6e48bedd2c3e04daf82, type: 3}
      propertyPath: m_LocalRotation.w
      value: 0.7071068
      objectReference: {fileID: 0}
    - target: {fileID: 1574283180815352719, guid: 65fa5693894bb6e48bedd2c3e04daf82, type: 3}
      propertyPath: m_LocalRotation.x
      value: 0
      objectReference: {fileID: 0}
    - target: {fileID: 1574283180815352719, guid: 65fa5693894bb6e48bedd2c3e04daf82, type: 3}
      propertyPath: m_LocalRotation.y
      value: -0.7071068
      objectReference: {fileID: 0}
    - target: {fileID: 1574283180815352719, guid: 65fa5693894bb6e48bedd2c3e04daf82, type: 3}
      propertyPath: m_LocalRotation.z
      value: 0
      objectReference: {fileID: 0}
    - target: {fileID: 1574283180815352719, guid: 65fa5693894bb6e48bedd2c3e04daf82, type: 3}
      propertyPath: m_LocalEulerAnglesHint.x
      value: 0
      objectReference: {fileID: 0}
    - target: {fileID: 1574283180815352719, guid: 65fa5693894bb6e48bedd2c3e04daf82, type: 3}
      propertyPath: m_LocalEulerAnglesHint.y
      value: -90
      objectReference: {fileID: 0}
    - target: {fileID: 1574283180815352719, guid: 65fa5693894bb6e48bedd2c3e04daf82, type: 3}
      propertyPath: m_LocalEulerAnglesHint.z
      value: 0
      objectReference: {fileID: 0}
    - target: {fileID: 7325642185878991516, guid: 65fa5693894bb6e48bedd2c3e04daf82, type: 3}
      propertyPath: m_Name
      value: WC_Wall_Column_A_1 (4)
      objectReference: {fileID: 0}
    m_RemovedComponents: []
  m_SourcePrefab: {fileID: 100100000, guid: 65fa5693894bb6e48bedd2c3e04daf82, type: 3}
--- !u!4 &2624920802831464526 stripped
Transform:
  m_CorrespondingSourceObject: {fileID: 1574283180815352719, guid: 65fa5693894bb6e48bedd2c3e04daf82, type: 3}
  m_PrefabInstance: {fileID: 3581889639852702657}
  m_PrefabAsset: {fileID: 0}
--- !u!1001 &3912839644643111136
PrefabInstance:
  m_ObjectHideFlags: 0
  serializedVersion: 2
  m_Modification:
    m_TransformParent: {fileID: 3914252519705102433}
    m_Modifications:
    - target: {fileID: 4464880455357365502, guid: 88acc80279aa18c4685aec044b412218, type: 3}
      propertyPath: m_Name
      value: Bathroom_Wall (24)
      objectReference: {fileID: 0}
    - target: {fileID: 7487236060334165795, guid: 88acc80279aa18c4685aec044b412218, type: 3}
      propertyPath: m_RootOrder
      value: 20
      objectReference: {fileID: 0}
    - target: {fileID: 7487236060334165795, guid: 88acc80279aa18c4685aec044b412218, type: 3}
      propertyPath: m_LocalScale.z
      value: 0.60000026
      objectReference: {fileID: 0}
    - target: {fileID: 7487236060334165795, guid: 88acc80279aa18c4685aec044b412218, type: 3}
      propertyPath: m_LocalPosition.x
      value: -3.980513
      objectReference: {fileID: 0}
    - target: {fileID: 7487236060334165795, guid: 88acc80279aa18c4685aec044b412218, type: 3}
      propertyPath: m_LocalPosition.y
      value: 0.00000047683716
      objectReference: {fileID: 0}
    - target: {fileID: 7487236060334165795, guid: 88acc80279aa18c4685aec044b412218, type: 3}
      propertyPath: m_LocalPosition.z
      value: -4.8669853
      objectReference: {fileID: 0}
    - target: {fileID: 7487236060334165795, guid: 88acc80279aa18c4685aec044b412218, type: 3}
      propertyPath: m_LocalRotation.w
      value: 0
      objectReference: {fileID: 0}
    - target: {fileID: 7487236060334165795, guid: 88acc80279aa18c4685aec044b412218, type: 3}
      propertyPath: m_LocalRotation.x
      value: -0
      objectReference: {fileID: 0}
    - target: {fileID: 7487236060334165795, guid: 88acc80279aa18c4685aec044b412218, type: 3}
      propertyPath: m_LocalRotation.y
      value: 0.7071068
      objectReference: {fileID: 0}
    - target: {fileID: 7487236060334165795, guid: 88acc80279aa18c4685aec044b412218, type: 3}
      propertyPath: m_LocalRotation.z
      value: 0.7071068
      objectReference: {fileID: 0}
    - target: {fileID: 7487236060334165795, guid: 88acc80279aa18c4685aec044b412218, type: 3}
      propertyPath: m_LocalEulerAnglesHint.x
      value: -90
      objectReference: {fileID: 0}
    - target: {fileID: 7487236060334165795, guid: 88acc80279aa18c4685aec044b412218, type: 3}
      propertyPath: m_LocalEulerAnglesHint.y
      value: 0
      objectReference: {fileID: 0}
    - target: {fileID: 7487236060334165795, guid: 88acc80279aa18c4685aec044b412218, type: 3}
      propertyPath: m_LocalEulerAnglesHint.z
      value: 180
      objectReference: {fileID: 0}
    m_RemovedComponents: []
  m_SourcePrefab: {fileID: 100100000, guid: 88acc80279aa18c4685aec044b412218, type: 3}
--- !u!4 &5883165026771156931 stripped
Transform:
  m_CorrespondingSourceObject: {fileID: 7487236060334165795, guid: 88acc80279aa18c4685aec044b412218, type: 3}
  m_PrefabInstance: {fileID: 3912839644643111136}
  m_PrefabAsset: {fileID: 0}
--- !u!1001 &3914252519428769914
PrefabInstance:
  m_ObjectHideFlags: 0
  serializedVersion: 2
  m_Modification:
    m_TransformParent: {fileID: 3914252519705102433}
    m_Modifications:
    - target: {fileID: 4464880455357365502, guid: 88acc80279aa18c4685aec044b412218, type: 3}
      propertyPath: m_Name
      value: Bathroom_Wall (4)
      objectReference: {fileID: 0}
    - target: {fileID: 7487236060334165795, guid: 88acc80279aa18c4685aec044b412218, type: 3}
      propertyPath: m_RootOrder
      value: 4
      objectReference: {fileID: 0}
    - target: {fileID: 7487236060334165795, guid: 88acc80279aa18c4685aec044b412218, type: 3}
      propertyPath: m_LocalScale.z
      value: 0.60000026
      objectReference: {fileID: 0}
    - target: {fileID: 7487236060334165795, guid: 88acc80279aa18c4685aec044b412218, type: 3}
      propertyPath: m_LocalPosition.x
      value: -3.9805202
      objectReference: {fileID: 0}
    - target: {fileID: 7487236060334165795, guid: 88acc80279aa18c4685aec044b412218, type: 3}
      propertyPath: m_LocalPosition.y
      value: 0
      objectReference: {fileID: 0}
    - target: {fileID: 7487236060334165795, guid: 88acc80279aa18c4685aec044b412218, type: 3}
      propertyPath: m_LocalPosition.z
      value: 1.1361275
      objectReference: {fileID: 0}
    - target: {fileID: 7487236060334165795, guid: 88acc80279aa18c4685aec044b412218, type: 3}
      propertyPath: m_LocalRotation.w
      value: 0
      objectReference: {fileID: 0}
    - target: {fileID: 7487236060334165795, guid: 88acc80279aa18c4685aec044b412218, type: 3}
      propertyPath: m_LocalRotation.x
      value: -0
      objectReference: {fileID: 0}
    - target: {fileID: 7487236060334165795, guid: 88acc80279aa18c4685aec044b412218, type: 3}
      propertyPath: m_LocalRotation.y
      value: 0.7071068
      objectReference: {fileID: 0}
    - target: {fileID: 7487236060334165795, guid: 88acc80279aa18c4685aec044b412218, type: 3}
      propertyPath: m_LocalRotation.z
      value: 0.7071068
      objectReference: {fileID: 0}
    - target: {fileID: 7487236060334165795, guid: 88acc80279aa18c4685aec044b412218, type: 3}
      propertyPath: m_LocalEulerAnglesHint.x
      value: -90
      objectReference: {fileID: 0}
    - target: {fileID: 7487236060334165795, guid: 88acc80279aa18c4685aec044b412218, type: 3}
      propertyPath: m_LocalEulerAnglesHint.y
      value: 0
      objectReference: {fileID: 0}
    - target: {fileID: 7487236060334165795, guid: 88acc80279aa18c4685aec044b412218, type: 3}
      propertyPath: m_LocalEulerAnglesHint.z
      value: 180
      objectReference: {fileID: 0}
    m_RemovedComponents: []
  m_SourcePrefab: {fileID: 100100000, guid: 88acc80279aa18c4685aec044b412218, type: 3}
--- !u!4 &5889079294185719641 stripped
Transform:
  m_CorrespondingSourceObject: {fileID: 7487236060334165795, guid: 88acc80279aa18c4685aec044b412218, type: 3}
  m_PrefabInstance: {fileID: 3914252519428769914}
  m_PrefabAsset: {fileID: 0}
--- !u!1001 &3914252519568256934
PrefabInstance:
  m_ObjectHideFlags: 0
  serializedVersion: 2
  m_Modification:
    m_TransformParent: {fileID: 3914252519705102433}
    m_Modifications:
    - target: {fileID: 4464880455357365502, guid: 88acc80279aa18c4685aec044b412218, type: 3}
      propertyPath: m_Name
      value: Bathroom_Wall (1)
      objectReference: {fileID: 0}
    - target: {fileID: 7487236060334165795, guid: 88acc80279aa18c4685aec044b412218, type: 3}
      propertyPath: m_RootOrder
      value: 1
      objectReference: {fileID: 0}
    - target: {fileID: 7487236060334165795, guid: 88acc80279aa18c4685aec044b412218, type: 3}
      propertyPath: m_LocalScale.z
      value: 0.60000026
      objectReference: {fileID: 0}
    - target: {fileID: 7487236060334165795, guid: 88acc80279aa18c4685aec044b412218, type: 3}
      propertyPath: m_LocalPosition.x
      value: -3.9805167
      objectReference: {fileID: 0}
    - target: {fileID: 7487236060334165795, guid: 88acc80279aa18c4685aec044b412218, type: 3}
      propertyPath: m_LocalPosition.y
      value: 0
      objectReference: {fileID: 0}
    - target: {fileID: 7487236060334165795, guid: 88acc80279aa18c4685aec044b412218, type: 3}
      propertyPath: m_LocalPosition.z
      value: -1.8654289
      objectReference: {fileID: 0}
    - target: {fileID: 7487236060334165795, guid: 88acc80279aa18c4685aec044b412218, type: 3}
      propertyPath: m_LocalRotation.w
      value: 0
      objectReference: {fileID: 0}
    - target: {fileID: 7487236060334165795, guid: 88acc80279aa18c4685aec044b412218, type: 3}
      propertyPath: m_LocalRotation.x
      value: -0
      objectReference: {fileID: 0}
    - target: {fileID: 7487236060334165795, guid: 88acc80279aa18c4685aec044b412218, type: 3}
      propertyPath: m_LocalRotation.y
      value: 0.7071068
      objectReference: {fileID: 0}
    - target: {fileID: 7487236060334165795, guid: 88acc80279aa18c4685aec044b412218, type: 3}
      propertyPath: m_LocalRotation.z
      value: 0.7071068
      objectReference: {fileID: 0}
    - target: {fileID: 7487236060334165795, guid: 88acc80279aa18c4685aec044b412218, type: 3}
      propertyPath: m_LocalEulerAnglesHint.x
      value: -90
      objectReference: {fileID: 0}
    - target: {fileID: 7487236060334165795, guid: 88acc80279aa18c4685aec044b412218, type: 3}
      propertyPath: m_LocalEulerAnglesHint.y
      value: 0
      objectReference: {fileID: 0}
    - target: {fileID: 7487236060334165795, guid: 88acc80279aa18c4685aec044b412218, type: 3}
      propertyPath: m_LocalEulerAnglesHint.z
      value: 180
      objectReference: {fileID: 0}
    m_RemovedComponents: []
  m_SourcePrefab: {fileID: 100100000, guid: 88acc80279aa18c4685aec044b412218, type: 3}
--- !u!4 &5889079294113456261 stripped
Transform:
  m_CorrespondingSourceObject: {fileID: 7487236060334165795, guid: 88acc80279aa18c4685aec044b412218, type: 3}
  m_PrefabInstance: {fileID: 3914252519568256934}
  m_PrefabAsset: {fileID: 0}
--- !u!1001 &3914252519686257743
PrefabInstance:
  m_ObjectHideFlags: 0
  serializedVersion: 2
  m_Modification:
    m_TransformParent: {fileID: 3914252519705102433}
    m_Modifications:
    - target: {fileID: 4464880455357365502, guid: 88acc80279aa18c4685aec044b412218, type: 3}
      propertyPath: m_Name
      value: Bathroom_Wall (2)
      objectReference: {fileID: 0}
    - target: {fileID: 7487236060334165795, guid: 88acc80279aa18c4685aec044b412218, type: 3}
      propertyPath: m_RootOrder
      value: 2
      objectReference: {fileID: 0}
    - target: {fileID: 7487236060334165795, guid: 88acc80279aa18c4685aec044b412218, type: 3}
      propertyPath: m_LocalScale.z
      value: 0.60000026
      objectReference: {fileID: 0}
    - target: {fileID: 7487236060334165795, guid: 88acc80279aa18c4685aec044b412218, type: 3}
      propertyPath: m_LocalPosition.x
      value: -3.9805179
      objectReference: {fileID: 0}
    - target: {fileID: 7487236060334165795, guid: 88acc80279aa18c4685aec044b412218, type: 3}
      propertyPath: m_LocalPosition.y
      value: 0
      objectReference: {fileID: 0}
    - target: {fileID: 7487236060334165795, guid: 88acc80279aa18c4685aec044b412218, type: 3}
      propertyPath: m_LocalPosition.z
      value: -0.8649101
      objectReference: {fileID: 0}
    - target: {fileID: 7487236060334165795, guid: 88acc80279aa18c4685aec044b412218, type: 3}
      propertyPath: m_LocalRotation.w
      value: 0
      objectReference: {fileID: 0}
    - target: {fileID: 7487236060334165795, guid: 88acc80279aa18c4685aec044b412218, type: 3}
      propertyPath: m_LocalRotation.x
      value: -0
      objectReference: {fileID: 0}
    - target: {fileID: 7487236060334165795, guid: 88acc80279aa18c4685aec044b412218, type: 3}
      propertyPath: m_LocalRotation.y
      value: 0.7071068
      objectReference: {fileID: 0}
    - target: {fileID: 7487236060334165795, guid: 88acc80279aa18c4685aec044b412218, type: 3}
      propertyPath: m_LocalRotation.z
      value: 0.7071068
      objectReference: {fileID: 0}
    - target: {fileID: 7487236060334165795, guid: 88acc80279aa18c4685aec044b412218, type: 3}
      propertyPath: m_LocalEulerAnglesHint.x
      value: -90
      objectReference: {fileID: 0}
    - target: {fileID: 7487236060334165795, guid: 88acc80279aa18c4685aec044b412218, type: 3}
      propertyPath: m_LocalEulerAnglesHint.y
      value: 0
      objectReference: {fileID: 0}
    - target: {fileID: 7487236060334165795, guid: 88acc80279aa18c4685aec044b412218, type: 3}
      propertyPath: m_LocalEulerAnglesHint.z
      value: 180
      objectReference: {fileID: 0}
    m_RemovedComponents: []
  m_SourcePrefab: {fileID: 100100000, guid: 88acc80279aa18c4685aec044b412218, type: 3}
--- !u!4 &5889079293927306092 stripped
Transform:
  m_CorrespondingSourceObject: {fileID: 7487236060334165795, guid: 88acc80279aa18c4685aec044b412218, type: 3}
  m_PrefabInstance: {fileID: 3914252519686257743}
  m_PrefabAsset: {fileID: 0}
--- !u!1001 &3914252519709702303
PrefabInstance:
  m_ObjectHideFlags: 0
  serializedVersion: 2
  m_Modification:
    m_TransformParent: {fileID: 3914252519705102433}
    m_Modifications:
    - target: {fileID: 4464880455357365502, guid: 88acc80279aa18c4685aec044b412218, type: 3}
      propertyPath: m_Name
      value: Bathroom_Wall (5)
      objectReference: {fileID: 0}
    - target: {fileID: 7487236060334165795, guid: 88acc80279aa18c4685aec044b412218, type: 3}
      propertyPath: m_RootOrder
      value: 6
      objectReference: {fileID: 0}
    - target: {fileID: 7487236060334165795, guid: 88acc80279aa18c4685aec044b412218, type: 3}
      propertyPath: m_LocalScale.z
      value: 0.60000026
      objectReference: {fileID: 0}
    - target: {fileID: 7487236060334165795, guid: 88acc80279aa18c4685aec044b412218, type: 3}
      propertyPath: m_LocalPosition.x
      value: -3.9805171
      objectReference: {fileID: 0}
    - target: {fileID: 7487236060334165795, guid: 88acc80279aa18c4685aec044b412218, type: 3}
      propertyPath: m_LocalPosition.y
      value: 0
      objectReference: {fileID: 0}
    - target: {fileID: 7487236060334165795, guid: 88acc80279aa18c4685aec044b412218, type: 3}
      propertyPath: m_LocalPosition.z
      value: 1.6342297
      objectReference: {fileID: 0}
    - target: {fileID: 7487236060334165795, guid: 88acc80279aa18c4685aec044b412218, type: 3}
      propertyPath: m_LocalRotation.w
      value: 0
      objectReference: {fileID: 0}
    - target: {fileID: 7487236060334165795, guid: 88acc80279aa18c4685aec044b412218, type: 3}
      propertyPath: m_LocalRotation.x
      value: -0
      objectReference: {fileID: 0}
    - target: {fileID: 7487236060334165795, guid: 88acc80279aa18c4685aec044b412218, type: 3}
      propertyPath: m_LocalRotation.y
      value: 0.7071068
      objectReference: {fileID: 0}
    - target: {fileID: 7487236060334165795, guid: 88acc80279aa18c4685aec044b412218, type: 3}
      propertyPath: m_LocalRotation.z
      value: 0.7071068
      objectReference: {fileID: 0}
    - target: {fileID: 7487236060334165795, guid: 88acc80279aa18c4685aec044b412218, type: 3}
      propertyPath: m_LocalEulerAnglesHint.x
      value: -90
      objectReference: {fileID: 0}
    - target: {fileID: 7487236060334165795, guid: 88acc80279aa18c4685aec044b412218, type: 3}
      propertyPath: m_LocalEulerAnglesHint.y
      value: 0
      objectReference: {fileID: 0}
    - target: {fileID: 7487236060334165795, guid: 88acc80279aa18c4685aec044b412218, type: 3}
      propertyPath: m_LocalEulerAnglesHint.z
      value: 180
      objectReference: {fileID: 0}
    m_RemovedComponents: []
  m_SourcePrefab: {fileID: 100100000, guid: 88acc80279aa18c4685aec044b412218, type: 3}
--- !u!4 &5889079293980440508 stripped
Transform:
  m_CorrespondingSourceObject: {fileID: 7487236060334165795, guid: 88acc80279aa18c4685aec044b412218, type: 3}
  m_PrefabInstance: {fileID: 3914252519709702303}
  m_PrefabAsset: {fileID: 0}
--- !u!1001 &3914252519761078367
PrefabInstance:
  m_ObjectHideFlags: 0
  serializedVersion: 2
  m_Modification:
    m_TransformParent: {fileID: 3914252519705102433}
    m_Modifications:
    - target: {fileID: 4464880455357365502, guid: 88acc80279aa18c4685aec044b412218, type: 3}
      propertyPath: m_Name
      value: Bathroom_Wall (12)
      objectReference: {fileID: 0}
    - target: {fileID: 7487236060334165795, guid: 88acc80279aa18c4685aec044b412218, type: 3}
      propertyPath: m_RootOrder
      value: 13
      objectReference: {fileID: 0}
    - target: {fileID: 7487236060334165795, guid: 88acc80279aa18c4685aec044b412218, type: 3}
      propertyPath: m_LocalScale.z
      value: 0.6000003
      objectReference: {fileID: 0}
    - target: {fileID: 7487236060334165795, guid: 88acc80279aa18c4685aec044b412218, type: 3}
      propertyPath: m_LocalPosition.x
      value: 2.774112
      objectReference: {fileID: 0}
    - target: {fileID: 7487236060334165795, guid: 88acc80279aa18c4685aec044b412218, type: 3}
      propertyPath: m_LocalPosition.y
      value: 0
      objectReference: {fileID: 0}
    - target: {fileID: 7487236060334165795, guid: 88acc80279aa18c4685aec044b412218, type: 3}
      propertyPath: m_LocalPosition.z
      value: 2.3838043
      objectReference: {fileID: 0}
    - target: {fileID: 7487236060334165795, guid: 88acc80279aa18c4685aec044b412218, type: 3}
      propertyPath: m_LocalRotation.w
      value: -0.5
      objectReference: {fileID: 0}
    - target: {fileID: 7487236060334165795, guid: 88acc80279aa18c4685aec044b412218, type: 3}
      propertyPath: m_LocalRotation.x
      value: 0.5
      objectReference: {fileID: 0}
    - target: {fileID: 7487236060334165795, guid: 88acc80279aa18c4685aec044b412218, type: 3}
      propertyPath: m_LocalRotation.y
      value: 0.5
      objectReference: {fileID: 0}
    - target: {fileID: 7487236060334165795, guid: 88acc80279aa18c4685aec044b412218, type: 3}
      propertyPath: m_LocalRotation.z
      value: 0.5
      objectReference: {fileID: 0}
    - target: {fileID: 7487236060334165795, guid: 88acc80279aa18c4685aec044b412218, type: 3}
      propertyPath: m_LocalEulerAnglesHint.x
      value: -90
      objectReference: {fileID: 0}
    - target: {fileID: 7487236060334165795, guid: 88acc80279aa18c4685aec044b412218, type: 3}
      propertyPath: m_LocalEulerAnglesHint.y
      value: 0
      objectReference: {fileID: 0}
    - target: {fileID: 7487236060334165795, guid: 88acc80279aa18c4685aec044b412218, type: 3}
      propertyPath: m_LocalEulerAnglesHint.z
      value: 270
      objectReference: {fileID: 0}
    m_RemovedComponents: []
  m_SourcePrefab: {fileID: 100100000, guid: 88acc80279aa18c4685aec044b412218, type: 3}
--- !u!4 &5889079293853558652 stripped
Transform:
  m_CorrespondingSourceObject: {fileID: 7487236060334165795, guid: 88acc80279aa18c4685aec044b412218, type: 3}
  m_PrefabInstance: {fileID: 3914252519761078367}
  m_PrefabAsset: {fileID: 0}
--- !u!1001 &3914252520137559089
PrefabInstance:
  m_ObjectHideFlags: 0
  serializedVersion: 2
  m_Modification:
    m_TransformParent: {fileID: 3914252519705102433}
    m_Modifications:
    - target: {fileID: 4464880455357365502, guid: 88acc80279aa18c4685aec044b412218, type: 3}
      propertyPath: m_Name
      value: Bathroom_Wall (6)
      objectReference: {fileID: 0}
    - target: {fileID: 7487236060334165795, guid: 88acc80279aa18c4685aec044b412218, type: 3}
      propertyPath: m_RootOrder
      value: 7
      objectReference: {fileID: 0}
    - target: {fileID: 7487236060334165795, guid: 88acc80279aa18c4685aec044b412218, type: 3}
      propertyPath: m_LocalScale.z
      value: 0.6000003
      objectReference: {fileID: 0}
    - target: {fileID: 7487236060334165795, guid: 88acc80279aa18c4685aec044b412218, type: 3}
      propertyPath: m_LocalPosition.x
      value: -3.2302575
      objectReference: {fileID: 0}
    - target: {fileID: 7487236060334165795, guid: 88acc80279aa18c4685aec044b412218, type: 3}
      propertyPath: m_LocalPosition.y
      value: 0
      objectReference: {fileID: 0}
    - target: {fileID: 7487236060334165795, guid: 88acc80279aa18c4685aec044b412218, type: 3}
      propertyPath: m_LocalPosition.z
      value: 2.3838062
      objectReference: {fileID: 0}
    - target: {fileID: 7487236060334165795, guid: 88acc80279aa18c4685aec044b412218, type: 3}
      propertyPath: m_LocalRotation.w
      value: -0.5
      objectReference: {fileID: 0}
    - target: {fileID: 7487236060334165795, guid: 88acc80279aa18c4685aec044b412218, type: 3}
      propertyPath: m_LocalRotation.x
      value: 0.5
      objectReference: {fileID: 0}
    - target: {fileID: 7487236060334165795, guid: 88acc80279aa18c4685aec044b412218, type: 3}
      propertyPath: m_LocalRotation.y
      value: 0.5
      objectReference: {fileID: 0}
    - target: {fileID: 7487236060334165795, guid: 88acc80279aa18c4685aec044b412218, type: 3}
      propertyPath: m_LocalRotation.z
      value: 0.5
      objectReference: {fileID: 0}
    - target: {fileID: 7487236060334165795, guid: 88acc80279aa18c4685aec044b412218, type: 3}
      propertyPath: m_LocalEulerAnglesHint.x
      value: -90
      objectReference: {fileID: 0}
    - target: {fileID: 7487236060334165795, guid: 88acc80279aa18c4685aec044b412218, type: 3}
      propertyPath: m_LocalEulerAnglesHint.y
      value: 0
      objectReference: {fileID: 0}
    - target: {fileID: 7487236060334165795, guid: 88acc80279aa18c4685aec044b412218, type: 3}
      propertyPath: m_LocalEulerAnglesHint.z
      value: 270
      objectReference: {fileID: 0}
    m_RemovedComponents: []
  m_SourcePrefab: {fileID: 100100000, guid: 88acc80279aa18c4685aec044b412218, type: 3}
--- !u!4 &5889079294626136850 stripped
Transform:
  m_CorrespondingSourceObject: {fileID: 7487236060334165795, guid: 88acc80279aa18c4685aec044b412218, type: 3}
  m_PrefabInstance: {fileID: 3914252520137559089}
  m_PrefabAsset: {fileID: 0}
--- !u!1001 &3914252520243349526
PrefabInstance:
  m_ObjectHideFlags: 0
  serializedVersion: 2
  m_Modification:
    m_TransformParent: {fileID: 3914252519705102433}
    m_Modifications:
    - target: {fileID: 4464880455357365502, guid: 88acc80279aa18c4685aec044b412218, type: 3}
      propertyPath: m_Name
      value: Bathroom_Wall (9)
      objectReference: {fileID: 0}
    - target: {fileID: 7487236060334165795, guid: 88acc80279aa18c4685aec044b412218, type: 3}
      propertyPath: m_RootOrder
      value: 10
      objectReference: {fileID: 0}
    - target: {fileID: 7487236060334165795, guid: 88acc80279aa18c4685aec044b412218, type: 3}
      propertyPath: m_LocalScale.z
      value: 0.6000003
      objectReference: {fileID: 0}
    - target: {fileID: 7487236060334165795, guid: 88acc80279aa18c4685aec044b412218, type: 3}
      propertyPath: m_LocalPosition.x
      value: -0.22870088
      objectReference: {fileID: 0}
    - target: {fileID: 7487236060334165795, guid: 88acc80279aa18c4685aec044b412218, type: 3}
      propertyPath: m_LocalPosition.y
      value: 0
      objectReference: {fileID: 0}
    - target: {fileID: 7487236060334165795, guid: 88acc80279aa18c4685aec044b412218, type: 3}
      propertyPath: m_LocalPosition.z
      value: 2.3838062
      objectReference: {fileID: 0}
    - target: {fileID: 7487236060334165795, guid: 88acc80279aa18c4685aec044b412218, type: 3}
      propertyPath: m_LocalRotation.w
      value: -0.5
      objectReference: {fileID: 0}
    - target: {fileID: 7487236060334165795, guid: 88acc80279aa18c4685aec044b412218, type: 3}
      propertyPath: m_LocalRotation.x
      value: 0.5
      objectReference: {fileID: 0}
    - target: {fileID: 7487236060334165795, guid: 88acc80279aa18c4685aec044b412218, type: 3}
      propertyPath: m_LocalRotation.y
      value: 0.5
      objectReference: {fileID: 0}
    - target: {fileID: 7487236060334165795, guid: 88acc80279aa18c4685aec044b412218, type: 3}
      propertyPath: m_LocalRotation.z
      value: 0.5
      objectReference: {fileID: 0}
    - target: {fileID: 7487236060334165795, guid: 88acc80279aa18c4685aec044b412218, type: 3}
      propertyPath: m_LocalEulerAnglesHint.x
      value: -90
      objectReference: {fileID: 0}
    - target: {fileID: 7487236060334165795, guid: 88acc80279aa18c4685aec044b412218, type: 3}
      propertyPath: m_LocalEulerAnglesHint.y
      value: 0
      objectReference: {fileID: 0}
    - target: {fileID: 7487236060334165795, guid: 88acc80279aa18c4685aec044b412218, type: 3}
      propertyPath: m_LocalEulerAnglesHint.z
      value: 270
      objectReference: {fileID: 0}
    m_RemovedComponents: []
  m_SourcePrefab: {fileID: 100100000, guid: 88acc80279aa18c4685aec044b412218, type: 3}
--- !u!4 &5889079294520379189 stripped
Transform:
  m_CorrespondingSourceObject: {fileID: 7487236060334165795, guid: 88acc80279aa18c4685aec044b412218, type: 3}
  m_PrefabInstance: {fileID: 3914252520243349526}
  m_PrefabAsset: {fileID: 0}
--- !u!1001 &3914252520608509285
PrefabInstance:
  m_ObjectHideFlags: 0
  serializedVersion: 2
  m_Modification:
    m_TransformParent: {fileID: 3914252519705102433}
    m_Modifications:
    - target: {fileID: 1574283180815352719, guid: 65fa5693894bb6e48bedd2c3e04daf82, type: 3}
      propertyPath: m_RootOrder
      value: 5
      objectReference: {fileID: 0}
    - target: {fileID: 1574283180815352719, guid: 65fa5693894bb6e48bedd2c3e04daf82, type: 3}
      propertyPath: m_LocalScale.y
      value: 0.60000026
      objectReference: {fileID: 0}
    - target: {fileID: 1574283180815352719, guid: 65fa5693894bb6e48bedd2c3e04daf82, type: 3}
      propertyPath: m_LocalPosition.x
      value: -4.043003
      objectReference: {fileID: 0}
    - target: {fileID: 1574283180815352719, guid: 65fa5693894bb6e48bedd2c3e04daf82, type: 3}
      propertyPath: m_LocalPosition.y
      value: 0.4658463
      objectReference: {fileID: 0}
    - target: {fileID: 1574283180815352719, guid: 65fa5693894bb6e48bedd2c3e04daf82, type: 3}
      propertyPath: m_LocalPosition.z
      value: 2.446642
      objectReference: {fileID: 0}
    - target: {fileID: 1574283180815352719, guid: 65fa5693894bb6e48bedd2c3e04daf82, type: 3}
      propertyPath: m_LocalRotation.w
      value: 0
      objectReference: {fileID: 0}
    - target: {fileID: 1574283180815352719, guid: 65fa5693894bb6e48bedd2c3e04daf82, type: 3}
      propertyPath: m_LocalRotation.x
      value: -0
      objectReference: {fileID: 0}
    - target: {fileID: 1574283180815352719, guid: 65fa5693894bb6e48bedd2c3e04daf82, type: 3}
      propertyPath: m_LocalRotation.y
      value: 1
      objectReference: {fileID: 0}
    - target: {fileID: 1574283180815352719, guid: 65fa5693894bb6e48bedd2c3e04daf82, type: 3}
      propertyPath: m_LocalRotation.z
      value: -0
      objectReference: {fileID: 0}
    - target: {fileID: 1574283180815352719, guid: 65fa5693894bb6e48bedd2c3e04daf82, type: 3}
      propertyPath: m_LocalEulerAnglesHint.x
      value: 0
      objectReference: {fileID: 0}
    - target: {fileID: 1574283180815352719, guid: 65fa5693894bb6e48bedd2c3e04daf82, type: 3}
      propertyPath: m_LocalEulerAnglesHint.y
      value: 180
      objectReference: {fileID: 0}
    - target: {fileID: 1574283180815352719, guid: 65fa5693894bb6e48bedd2c3e04daf82, type: 3}
      propertyPath: m_LocalEulerAnglesHint.z
      value: 0
      objectReference: {fileID: 0}
    - target: {fileID: 7325642185878991516, guid: 65fa5693894bb6e48bedd2c3e04daf82, type: 3}
      propertyPath: m_Name
      value: WC_Wall_Column_A_1 (2)
      objectReference: {fileID: 0}
    m_RemovedComponents: []
  m_SourcePrefab: {fileID: 100100000, guid: 65fa5693894bb6e48bedd2c3e04daf82, type: 3}
--- !u!4 &2561085680815124202 stripped
Transform:
  m_CorrespondingSourceObject: {fileID: 1574283180815352719, guid: 65fa5693894bb6e48bedd2c3e04daf82, type: 3}
  m_PrefabInstance: {fileID: 3914252520608509285}
  m_PrefabAsset: {fileID: 0}
--- !u!1001 &3914252520623921982
PrefabInstance:
  m_ObjectHideFlags: 0
  serializedVersion: 2
  m_Modification:
    m_TransformParent: {fileID: 3914252519705102433}
    m_Modifications:
    - target: {fileID: 4464880455357365502, guid: 88acc80279aa18c4685aec044b412218, type: 3}
      propertyPath: m_Name
      value: Bathroom_Wall (10)
      objectReference: {fileID: 0}
    - target: {fileID: 7487236060334165795, guid: 88acc80279aa18c4685aec044b412218, type: 3}
      propertyPath: m_RootOrder
      value: 11
      objectReference: {fileID: 0}
    - target: {fileID: 7487236060334165795, guid: 88acc80279aa18c4685aec044b412218, type: 3}
      propertyPath: m_LocalScale.z
      value: 0.6000003
      objectReference: {fileID: 0}
    - target: {fileID: 7487236060334165795, guid: 88acc80279aa18c4685aec044b412218, type: 3}
      propertyPath: m_LocalPosition.x
      value: 0.77181816
      objectReference: {fileID: 0}
    - target: {fileID: 7487236060334165795, guid: 88acc80279aa18c4685aec044b412218, type: 3}
      propertyPath: m_LocalPosition.y
      value: 0
      objectReference: {fileID: 0}
    - target: {fileID: 7487236060334165795, guid: 88acc80279aa18c4685aec044b412218, type: 3}
      propertyPath: m_LocalPosition.z
      value: 2.3838062
      objectReference: {fileID: 0}
    - target: {fileID: 7487236060334165795, guid: 88acc80279aa18c4685aec044b412218, type: 3}
      propertyPath: m_LocalRotation.w
      value: -0.5
      objectReference: {fileID: 0}
    - target: {fileID: 7487236060334165795, guid: 88acc80279aa18c4685aec044b412218, type: 3}
      propertyPath: m_LocalRotation.x
      value: 0.5
      objectReference: {fileID: 0}
    - target: {fileID: 7487236060334165795, guid: 88acc80279aa18c4685aec044b412218, type: 3}
      propertyPath: m_LocalRotation.y
      value: 0.5
      objectReference: {fileID: 0}
    - target: {fileID: 7487236060334165795, guid: 88acc80279aa18c4685aec044b412218, type: 3}
      propertyPath: m_LocalRotation.z
      value: 0.5
      objectReference: {fileID: 0}
    - target: {fileID: 7487236060334165795, guid: 88acc80279aa18c4685aec044b412218, type: 3}
      propertyPath: m_LocalEulerAnglesHint.x
      value: -90
      objectReference: {fileID: 0}
    - target: {fileID: 7487236060334165795, guid: 88acc80279aa18c4685aec044b412218, type: 3}
      propertyPath: m_LocalEulerAnglesHint.y
      value: 0
      objectReference: {fileID: 0}
    - target: {fileID: 7487236060334165795, guid: 88acc80279aa18c4685aec044b412218, type: 3}
      propertyPath: m_LocalEulerAnglesHint.z
      value: 270
      objectReference: {fileID: 0}
    m_RemovedComponents: []
  m_SourcePrefab: {fileID: 100100000, guid: 88acc80279aa18c4685aec044b412218, type: 3}
--- !u!4 &5889079295145530397 stripped
Transform:
  m_CorrespondingSourceObject: {fileID: 7487236060334165795, guid: 88acc80279aa18c4685aec044b412218, type: 3}
  m_PrefabInstance: {fileID: 3914252520623921982}
  m_PrefabAsset: {fileID: 0}
--- !u!1001 &3914252520717018683
PrefabInstance:
  m_ObjectHideFlags: 0
  serializedVersion: 2
  m_Modification:
    m_TransformParent: {fileID: 3914252519705102433}
    m_Modifications:
    - target: {fileID: 4464880455357365502, guid: 88acc80279aa18c4685aec044b412218, type: 3}
      propertyPath: m_Name
      value: Bathroom_Wall (8)
      objectReference: {fileID: 0}
    - target: {fileID: 7487236060334165795, guid: 88acc80279aa18c4685aec044b412218, type: 3}
      propertyPath: m_RootOrder
      value: 9
      objectReference: {fileID: 0}
    - target: {fileID: 7487236060334165795, guid: 88acc80279aa18c4685aec044b412218, type: 3}
      propertyPath: m_LocalScale.z
      value: 0.6000003
      objectReference: {fileID: 0}
    - target: {fileID: 7487236060334165795, guid: 88acc80279aa18c4685aec044b412218, type: 3}
      propertyPath: m_LocalPosition.x
      value: -1.2292196
      objectReference: {fileID: 0}
    - target: {fileID: 7487236060334165795, guid: 88acc80279aa18c4685aec044b412218, type: 3}
      propertyPath: m_LocalPosition.y
      value: 0
      objectReference: {fileID: 0}
    - target: {fileID: 7487236060334165795, guid: 88acc80279aa18c4685aec044b412218, type: 3}
      propertyPath: m_LocalPosition.z
      value: 2.3838062
      objectReference: {fileID: 0}
    - target: {fileID: 7487236060334165795, guid: 88acc80279aa18c4685aec044b412218, type: 3}
      propertyPath: m_LocalRotation.w
      value: -0.5
      objectReference: {fileID: 0}
    - target: {fileID: 7487236060334165795, guid: 88acc80279aa18c4685aec044b412218, type: 3}
      propertyPath: m_LocalRotation.x
      value: 0.5
      objectReference: {fileID: 0}
    - target: {fileID: 7487236060334165795, guid: 88acc80279aa18c4685aec044b412218, type: 3}
      propertyPath: m_LocalRotation.y
      value: 0.5
      objectReference: {fileID: 0}
    - target: {fileID: 7487236060334165795, guid: 88acc80279aa18c4685aec044b412218, type: 3}
      propertyPath: m_LocalRotation.z
      value: 0.5
      objectReference: {fileID: 0}
    - target: {fileID: 7487236060334165795, guid: 88acc80279aa18c4685aec044b412218, type: 3}
      propertyPath: m_LocalEulerAnglesHint.x
      value: -90
      objectReference: {fileID: 0}
    - target: {fileID: 7487236060334165795, guid: 88acc80279aa18c4685aec044b412218, type: 3}
      propertyPath: m_LocalEulerAnglesHint.y
      value: 0
      objectReference: {fileID: 0}
    - target: {fileID: 7487236060334165795, guid: 88acc80279aa18c4685aec044b412218, type: 3}
      propertyPath: m_LocalEulerAnglesHint.z
      value: 270
      objectReference: {fileID: 0}
    m_RemovedComponents: []
  m_SourcePrefab: {fileID: 100100000, guid: 88acc80279aa18c4685aec044b412218, type: 3}
--- !u!4 &5889079295111162136 stripped
Transform:
  m_CorrespondingSourceObject: {fileID: 7487236060334165795, guid: 88acc80279aa18c4685aec044b412218, type: 3}
  m_PrefabInstance: {fileID: 3914252520717018683}
  m_PrefabAsset: {fileID: 0}
--- !u!1001 &3914252521035389667
PrefabInstance:
  m_ObjectHideFlags: 0
  serializedVersion: 2
  m_Modification:
    m_TransformParent: {fileID: 3914252519705102433}
    m_Modifications:
    - target: {fileID: 4464880455357365502, guid: 88acc80279aa18c4685aec044b412218, type: 3}
      propertyPath: m_Name
      value: Bathroom_Wall (11)
      objectReference: {fileID: 0}
    - target: {fileID: 7487236060334165795, guid: 88acc80279aa18c4685aec044b412218, type: 3}
      propertyPath: m_RootOrder
      value: 12
      objectReference: {fileID: 0}
    - target: {fileID: 7487236060334165795, guid: 88acc80279aa18c4685aec044b412218, type: 3}
      propertyPath: m_LocalScale.z
      value: 0.6000003
      objectReference: {fileID: 0}
    - target: {fileID: 7487236060334165795, guid: 88acc80279aa18c4685aec044b412218, type: 3}
      propertyPath: m_LocalPosition.x
      value: 1.7723372
      objectReference: {fileID: 0}
    - target: {fileID: 7487236060334165795, guid: 88acc80279aa18c4685aec044b412218, type: 3}
      propertyPath: m_LocalPosition.y
      value: 0
      objectReference: {fileID: 0}
    - target: {fileID: 7487236060334165795, guid: 88acc80279aa18c4685aec044b412218, type: 3}
      propertyPath: m_LocalPosition.z
      value: 2.3838062
      objectReference: {fileID: 0}
    - target: {fileID: 7487236060334165795, guid: 88acc80279aa18c4685aec044b412218, type: 3}
      propertyPath: m_LocalRotation.w
      value: -0.5
      objectReference: {fileID: 0}
    - target: {fileID: 7487236060334165795, guid: 88acc80279aa18c4685aec044b412218, type: 3}
      propertyPath: m_LocalRotation.x
      value: 0.5
      objectReference: {fileID: 0}
    - target: {fileID: 7487236060334165795, guid: 88acc80279aa18c4685aec044b412218, type: 3}
      propertyPath: m_LocalRotation.y
      value: 0.5
      objectReference: {fileID: 0}
    - target: {fileID: 7487236060334165795, guid: 88acc80279aa18c4685aec044b412218, type: 3}
      propertyPath: m_LocalRotation.z
      value: 0.5
      objectReference: {fileID: 0}
    - target: {fileID: 7487236060334165795, guid: 88acc80279aa18c4685aec044b412218, type: 3}
      propertyPath: m_LocalEulerAnglesHint.x
      value: -90
      objectReference: {fileID: 0}
    - target: {fileID: 7487236060334165795, guid: 88acc80279aa18c4685aec044b412218, type: 3}
      propertyPath: m_LocalEulerAnglesHint.y
      value: 0
      objectReference: {fileID: 0}
    - target: {fileID: 7487236060334165795, guid: 88acc80279aa18c4685aec044b412218, type: 3}
      propertyPath: m_LocalEulerAnglesHint.z
      value: 270
      objectReference: {fileID: 0}
    m_RemovedComponents: []
  m_SourcePrefab: {fileID: 100100000, guid: 88acc80279aa18c4685aec044b412218, type: 3}
--- !u!4 &5889079295808853440 stripped
Transform:
  m_CorrespondingSourceObject: {fileID: 7487236060334165795, guid: 88acc80279aa18c4685aec044b412218, type: 3}
  m_PrefabInstance: {fileID: 3914252521035389667}
  m_PrefabAsset: {fileID: 0}
--- !u!1001 &3914252521135356974
PrefabInstance:
  m_ObjectHideFlags: 0
  serializedVersion: 2
  m_Modification:
    m_TransformParent: {fileID: 3914252519705102433}
    m_Modifications:
    - target: {fileID: 4464880455357365502, guid: 88acc80279aa18c4685aec044b412218, type: 3}
      propertyPath: m_Name
      value: Bathroom_Wall
      objectReference: {fileID: 0}
    - target: {fileID: 7487236060334165795, guid: 88acc80279aa18c4685aec044b412218, type: 3}
      propertyPath: m_RootOrder
      value: 0
      objectReference: {fileID: 0}
    - target: {fileID: 7487236060334165795, guid: 88acc80279aa18c4685aec044b412218, type: 3}
      propertyPath: m_LocalScale.z
      value: 0.60000026
      objectReference: {fileID: 0}
    - target: {fileID: 7487236060334165795, guid: 88acc80279aa18c4685aec044b412218, type: 3}
      propertyPath: m_LocalPosition.x
      value: -3.9805155
      objectReference: {fileID: 0}
    - target: {fileID: 7487236060334165795, guid: 88acc80279aa18c4685aec044b412218, type: 3}
      propertyPath: m_LocalPosition.y
      value: 0
      objectReference: {fileID: 0}
    - target: {fileID: 7487236060334165795, guid: 88acc80279aa18c4685aec044b412218, type: 3}
      propertyPath: m_LocalPosition.z
      value: -2.8659477
      objectReference: {fileID: 0}
    - target: {fileID: 7487236060334165795, guid: 88acc80279aa18c4685aec044b412218, type: 3}
      propertyPath: m_LocalRotation.w
      value: 0
      objectReference: {fileID: 0}
    - target: {fileID: 7487236060334165795, guid: 88acc80279aa18c4685aec044b412218, type: 3}
      propertyPath: m_LocalRotation.x
      value: -0
      objectReference: {fileID: 0}
    - target: {fileID: 7487236060334165795, guid: 88acc80279aa18c4685aec044b412218, type: 3}
      propertyPath: m_LocalRotation.y
      value: 0.7071068
      objectReference: {fileID: 0}
    - target: {fileID: 7487236060334165795, guid: 88acc80279aa18c4685aec044b412218, type: 3}
      propertyPath: m_LocalRotation.z
      value: 0.7071068
      objectReference: {fileID: 0}
    - target: {fileID: 7487236060334165795, guid: 88acc80279aa18c4685aec044b412218, type: 3}
      propertyPath: m_LocalEulerAnglesHint.x
      value: -90
      objectReference: {fileID: 0}
    - target: {fileID: 7487236060334165795, guid: 88acc80279aa18c4685aec044b412218, type: 3}
      propertyPath: m_LocalEulerAnglesHint.y
      value: 0
      objectReference: {fileID: 0}
    - target: {fileID: 7487236060334165795, guid: 88acc80279aa18c4685aec044b412218, type: 3}
      propertyPath: m_LocalEulerAnglesHint.z
      value: 180
      objectReference: {fileID: 0}
    m_RemovedComponents: []
  m_SourcePrefab: {fileID: 100100000, guid: 88acc80279aa18c4685aec044b412218, type: 3}
--- !u!4 &5889079295774929677 stripped
Transform:
  m_CorrespondingSourceObject: {fileID: 7487236060334165795, guid: 88acc80279aa18c4685aec044b412218, type: 3}
  m_PrefabInstance: {fileID: 3914252521135356974}
  m_PrefabAsset: {fileID: 0}
--- !u!1001 &3914252521202284385
PrefabInstance:
  m_ObjectHideFlags: 0
  serializedVersion: 2
  m_Modification:
    m_TransformParent: {fileID: 3914252519705102433}
    m_Modifications:
    - target: {fileID: 4464880455357365502, guid: 88acc80279aa18c4685aec044b412218, type: 3}
      propertyPath: m_Name
      value: Bathroom_Wall (7)
      objectReference: {fileID: 0}
    - target: {fileID: 7487236060334165795, guid: 88acc80279aa18c4685aec044b412218, type: 3}
      propertyPath: m_RootOrder
      value: 8
      objectReference: {fileID: 0}
    - target: {fileID: 7487236060334165795, guid: 88acc80279aa18c4685aec044b412218, type: 3}
      propertyPath: m_LocalScale.z
      value: 0.6000003
      objectReference: {fileID: 0}
    - target: {fileID: 7487236060334165795, guid: 88acc80279aa18c4685aec044b412218, type: 3}
      propertyPath: m_LocalPosition.x
      value: -2.2297382
      objectReference: {fileID: 0}
    - target: {fileID: 7487236060334165795, guid: 88acc80279aa18c4685aec044b412218, type: 3}
      propertyPath: m_LocalPosition.y
      value: 0
      objectReference: {fileID: 0}
    - target: {fileID: 7487236060334165795, guid: 88acc80279aa18c4685aec044b412218, type: 3}
      propertyPath: m_LocalPosition.z
      value: 2.3838062
      objectReference: {fileID: 0}
    - target: {fileID: 7487236060334165795, guid: 88acc80279aa18c4685aec044b412218, type: 3}
      propertyPath: m_LocalRotation.w
      value: -0.5
      objectReference: {fileID: 0}
    - target: {fileID: 7487236060334165795, guid: 88acc80279aa18c4685aec044b412218, type: 3}
      propertyPath: m_LocalRotation.x
      value: 0.5
      objectReference: {fileID: 0}
    - target: {fileID: 7487236060334165795, guid: 88acc80279aa18c4685aec044b412218, type: 3}
      propertyPath: m_LocalRotation.y
      value: 0.5
      objectReference: {fileID: 0}
    - target: {fileID: 7487236060334165795, guid: 88acc80279aa18c4685aec044b412218, type: 3}
      propertyPath: m_LocalRotation.z
      value: 0.5
      objectReference: {fileID: 0}
    - target: {fileID: 7487236060334165795, guid: 88acc80279aa18c4685aec044b412218, type: 3}
      propertyPath: m_LocalEulerAnglesHint.x
      value: -90
      objectReference: {fileID: 0}
    - target: {fileID: 7487236060334165795, guid: 88acc80279aa18c4685aec044b412218, type: 3}
      propertyPath: m_LocalEulerAnglesHint.y
      value: 0
      objectReference: {fileID: 0}
    - target: {fileID: 7487236060334165795, guid: 88acc80279aa18c4685aec044b412218, type: 3}
      propertyPath: m_LocalEulerAnglesHint.z
      value: 270
      objectReference: {fileID: 0}
    m_RemovedComponents: []
  m_SourcePrefab: {fileID: 100100000, guid: 88acc80279aa18c4685aec044b412218, type: 3}
--- !u!4 &5889079295707904066 stripped
Transform:
  m_CorrespondingSourceObject: {fileID: 7487236060334165795, guid: 88acc80279aa18c4685aec044b412218, type: 3}
  m_PrefabInstance: {fileID: 3914252521202284385}
  m_PrefabAsset: {fileID: 0}
--- !u!1001 &3914252521457155503
PrefabInstance:
  m_ObjectHideFlags: 0
  serializedVersion: 2
  m_Modification:
    m_TransformParent: {fileID: 3914252519705102433}
    m_Modifications:
    - target: {fileID: 4464880455357365502, guid: 88acc80279aa18c4685aec044b412218, type: 3}
      propertyPath: m_Name
      value: Bathroom_Wall (3)
      objectReference: {fileID: 0}
    - target: {fileID: 7487236060334165795, guid: 88acc80279aa18c4685aec044b412218, type: 3}
      propertyPath: m_RootOrder
      value: 3
      objectReference: {fileID: 0}
    - target: {fileID: 7487236060334165795, guid: 88acc80279aa18c4685aec044b412218, type: 3}
      propertyPath: m_LocalScale.z
      value: 0.60000026
      objectReference: {fileID: 0}
    - target: {fileID: 7487236060334165795, guid: 88acc80279aa18c4685aec044b412218, type: 3}
      propertyPath: m_LocalPosition.x
      value: -3.980519
      objectReference: {fileID: 0}
    - target: {fileID: 7487236060334165795, guid: 88acc80279aa18c4685aec044b412218, type: 3}
      propertyPath: m_LocalPosition.y
      value: 0
      objectReference: {fileID: 0}
    - target: {fileID: 7487236060334165795, guid: 88acc80279aa18c4685aec044b412218, type: 3}
      propertyPath: m_LocalPosition.z
      value: 0.13560867
      objectReference: {fileID: 0}
    - target: {fileID: 7487236060334165795, guid: 88acc80279aa18c4685aec044b412218, type: 3}
      propertyPath: m_LocalRotation.w
      value: 0
      objectReference: {fileID: 0}
    - target: {fileID: 7487236060334165795, guid: 88acc80279aa18c4685aec044b412218, type: 3}
      propertyPath: m_LocalRotation.x
      value: -0
      objectReference: {fileID: 0}
    - target: {fileID: 7487236060334165795, guid: 88acc80279aa18c4685aec044b412218, type: 3}
      propertyPath: m_LocalRotation.y
      value: 0.7071068
      objectReference: {fileID: 0}
    - target: {fileID: 7487236060334165795, guid: 88acc80279aa18c4685aec044b412218, type: 3}
      propertyPath: m_LocalRotation.z
      value: 0.7071068
      objectReference: {fileID: 0}
    - target: {fileID: 7487236060334165795, guid: 88acc80279aa18c4685aec044b412218, type: 3}
      propertyPath: m_LocalEulerAnglesHint.x
      value: -90
      objectReference: {fileID: 0}
    - target: {fileID: 7487236060334165795, guid: 88acc80279aa18c4685aec044b412218, type: 3}
      propertyPath: m_LocalEulerAnglesHint.y
      value: 0
      objectReference: {fileID: 0}
    - target: {fileID: 7487236060334165795, guid: 88acc80279aa18c4685aec044b412218, type: 3}
      propertyPath: m_LocalEulerAnglesHint.z
      value: 180
      objectReference: {fileID: 0}
    m_RemovedComponents: []
  m_SourcePrefab: {fileID: 100100000, guid: 88acc80279aa18c4685aec044b412218, type: 3}
--- !u!4 &5889079295444775564 stripped
Transform:
  m_CorrespondingSourceObject: {fileID: 7487236060334165795, guid: 88acc80279aa18c4685aec044b412218, type: 3}
  m_PrefabInstance: {fileID: 3914252521457155503}
  m_PrefabAsset: {fileID: 0}
--- !u!1001 &4592239650168726055
PrefabInstance:
  m_ObjectHideFlags: 0
  serializedVersion: 2
  m_Modification:
    m_TransformParent: {fileID: 3914252519705102433}
    m_Modifications:
    - target: {fileID: 4464880455357365502, guid: 88acc80279aa18c4685aec044b412218, type: 3}
      propertyPath: m_Name
      value: Bathroom_Wall (21)
      objectReference: {fileID: 0}
    - target: {fileID: 7487236060334165795, guid: 88acc80279aa18c4685aec044b412218, type: 3}
      propertyPath: m_RootOrder
      value: 17
      objectReference: {fileID: 0}
    - target: {fileID: 7487236060334165795, guid: 88acc80279aa18c4685aec044b412218, type: 3}
      propertyPath: m_LocalScale.z
      value: 0.6000003
      objectReference: {fileID: 0}
    - target: {fileID: 7487236060334165795, guid: 88acc80279aa18c4685aec044b412218, type: 3}
      propertyPath: m_LocalPosition.x
      value: 5.775666
      objectReference: {fileID: 0}
    - target: {fileID: 7487236060334165795, guid: 88acc80279aa18c4685aec044b412218, type: 3}
      propertyPath: m_LocalPosition.y
      value: 0
      objectReference: {fileID: 0}
    - target: {fileID: 7487236060334165795, guid: 88acc80279aa18c4685aec044b412218, type: 3}
      propertyPath: m_LocalPosition.z
      value: 2.3838043
      objectReference: {fileID: 0}
    - target: {fileID: 7487236060334165795, guid: 88acc80279aa18c4685aec044b412218, type: 3}
      propertyPath: m_LocalRotation.w
      value: -0.5
      objectReference: {fileID: 0}
    - target: {fileID: 7487236060334165795, guid: 88acc80279aa18c4685aec044b412218, type: 3}
      propertyPath: m_LocalRotation.x
      value: 0.5
      objectReference: {fileID: 0}
    - target: {fileID: 7487236060334165795, guid: 88acc80279aa18c4685aec044b412218, type: 3}
      propertyPath: m_LocalRotation.y
      value: 0.5
      objectReference: {fileID: 0}
    - target: {fileID: 7487236060334165795, guid: 88acc80279aa18c4685aec044b412218, type: 3}
      propertyPath: m_LocalRotation.z
      value: 0.5
      objectReference: {fileID: 0}
    - target: {fileID: 7487236060334165795, guid: 88acc80279aa18c4685aec044b412218, type: 3}
      propertyPath: m_LocalEulerAnglesHint.x
      value: -90
      objectReference: {fileID: 0}
    - target: {fileID: 7487236060334165795, guid: 88acc80279aa18c4685aec044b412218, type: 3}
      propertyPath: m_LocalEulerAnglesHint.y
      value: 0
      objectReference: {fileID: 0}
    - target: {fileID: 7487236060334165795, guid: 88acc80279aa18c4685aec044b412218, type: 3}
      propertyPath: m_LocalEulerAnglesHint.z
      value: 270
      objectReference: {fileID: 0}
    m_RemovedComponents: []
  m_SourcePrefab: {fileID: 100100000, guid: 88acc80279aa18c4685aec044b412218, type: 3}
--- !u!4 &6364404475791404292 stripped
Transform:
  m_CorrespondingSourceObject: {fileID: 7487236060334165795, guid: 88acc80279aa18c4685aec044b412218, type: 3}
  m_PrefabInstance: {fileID: 4592239650168726055}
  m_PrefabAsset: {fileID: 0}
--- !u!1001 &6390031893907375641
PrefabInstance:
  m_ObjectHideFlags: 0
  serializedVersion: 2
  m_Modification:
    m_TransformParent: {fileID: 3914252519705102433}
    m_Modifications:
    - target: {fileID: 4464880455357365502, guid: 88acc80279aa18c4685aec044b412218, type: 3}
      propertyPath: m_Name
      value: Bathroom_Wall (25)
      objectReference: {fileID: 0}
    - target: {fileID: 7487236060334165795, guid: 88acc80279aa18c4685aec044b412218, type: 3}
      propertyPath: m_RootOrder
      value: 21
      objectReference: {fileID: 0}
    - target: {fileID: 7487236060334165795, guid: 88acc80279aa18c4685aec044b412218, type: 3}
      propertyPath: m_LocalScale.z
      value: 0.6000003
      objectReference: {fileID: 0}
    - target: {fileID: 7487236060334165795, guid: 88acc80279aa18c4685aec044b412218, type: 3}
      propertyPath: m_LocalPosition.x
      value: 7.776702
      objectReference: {fileID: 0}
    - target: {fileID: 7487236060334165795, guid: 88acc80279aa18c4685aec044b412218, type: 3}
      propertyPath: m_LocalPosition.y
      value: 0
      objectReference: {fileID: 0}
    - target: {fileID: 7487236060334165795, guid: 88acc80279aa18c4685aec044b412218, type: 3}
      propertyPath: m_LocalPosition.z
      value: 2.3838043
      objectReference: {fileID: 0}
    - target: {fileID: 7487236060334165795, guid: 88acc80279aa18c4685aec044b412218, type: 3}
      propertyPath: m_LocalRotation.w
      value: -0.5
      objectReference: {fileID: 0}
    - target: {fileID: 7487236060334165795, guid: 88acc80279aa18c4685aec044b412218, type: 3}
      propertyPath: m_LocalRotation.x
      value: 0.5
      objectReference: {fileID: 0}
    - target: {fileID: 7487236060334165795, guid: 88acc80279aa18c4685aec044b412218, type: 3}
      propertyPath: m_LocalRotation.y
      value: 0.5
      objectReference: {fileID: 0}
    - target: {fileID: 7487236060334165795, guid: 88acc80279aa18c4685aec044b412218, type: 3}
      propertyPath: m_LocalRotation.z
      value: 0.5
      objectReference: {fileID: 0}
    - target: {fileID: 7487236060334165795, guid: 88acc80279aa18c4685aec044b412218, type: 3}
      propertyPath: m_LocalEulerAnglesHint.x
      value: -90
      objectReference: {fileID: 0}
    - target: {fileID: 7487236060334165795, guid: 88acc80279aa18c4685aec044b412218, type: 3}
      propertyPath: m_LocalEulerAnglesHint.y
      value: 0
      objectReference: {fileID: 0}
    - target: {fileID: 7487236060334165795, guid: 88acc80279aa18c4685aec044b412218, type: 3}
      propertyPath: m_LocalEulerAnglesHint.z
      value: 270
      objectReference: {fileID: 0}
    m_RemovedComponents: []
  m_SourcePrefab: {fileID: 100100000, guid: 88acc80279aa18c4685aec044b412218, type: 3}
--- !u!4 &4559320273084647738 stripped
Transform:
  m_CorrespondingSourceObject: {fileID: 7487236060334165795, guid: 88acc80279aa18c4685aec044b412218, type: 3}
  m_PrefabInstance: {fileID: 6390031893907375641}
  m_PrefabAsset: {fileID: 0}
--- !u!1001 &7033346499054337506
PrefabInstance:
  m_ObjectHideFlags: 0
  serializedVersion: 2
  m_Modification:
    m_TransformParent: {fileID: 3914252519705102433}
    m_Modifications:
    - target: {fileID: 4464880455357365502, guid: 88acc80279aa18c4685aec044b412218, type: 3}
      propertyPath: m_Name
      value: Bathroom_Wall (19)
      objectReference: {fileID: 0}
    - target: {fileID: 7487236060334165795, guid: 88acc80279aa18c4685aec044b412218, type: 3}
      propertyPath: m_RootOrder
      value: 15
      objectReference: {fileID: 0}
    - target: {fileID: 7487236060334165795, guid: 88acc80279aa18c4685aec044b412218, type: 3}
      propertyPath: m_LocalScale.z
      value: 0.6000003
      objectReference: {fileID: 0}
    - target: {fileID: 7487236060334165795, guid: 88acc80279aa18c4685aec044b412218, type: 3}
      propertyPath: m_LocalPosition.x
      value: 3.7746303
      objectReference: {fileID: 0}
    - target: {fileID: 7487236060334165795, guid: 88acc80279aa18c4685aec044b412218, type: 3}
      propertyPath: m_LocalPosition.y
      value: 0
      objectReference: {fileID: 0}
    - target: {fileID: 7487236060334165795, guid: 88acc80279aa18c4685aec044b412218, type: 3}
      propertyPath: m_LocalPosition.z
      value: 2.3838043
      objectReference: {fileID: 0}
    - target: {fileID: 7487236060334165795, guid: 88acc80279aa18c4685aec044b412218, type: 3}
      propertyPath: m_LocalRotation.w
      value: -0.5
      objectReference: {fileID: 0}
    - target: {fileID: 7487236060334165795, guid: 88acc80279aa18c4685aec044b412218, type: 3}
      propertyPath: m_LocalRotation.x
      value: 0.5
      objectReference: {fileID: 0}
    - target: {fileID: 7487236060334165795, guid: 88acc80279aa18c4685aec044b412218, type: 3}
      propertyPath: m_LocalRotation.y
      value: 0.5
      objectReference: {fileID: 0}
    - target: {fileID: 7487236060334165795, guid: 88acc80279aa18c4685aec044b412218, type: 3}
      propertyPath: m_LocalRotation.z
      value: 0.5
      objectReference: {fileID: 0}
    - target: {fileID: 7487236060334165795, guid: 88acc80279aa18c4685aec044b412218, type: 3}
      propertyPath: m_LocalEulerAnglesHint.x
      value: -90
      objectReference: {fileID: 0}
    - target: {fileID: 7487236060334165795, guid: 88acc80279aa18c4685aec044b412218, type: 3}
      propertyPath: m_LocalEulerAnglesHint.y
      value: 0
      objectReference: {fileID: 0}
    - target: {fileID: 7487236060334165795, guid: 88acc80279aa18c4685aec044b412218, type: 3}
      propertyPath: m_LocalEulerAnglesHint.z
      value: 270
      objectReference: {fileID: 0}
    m_RemovedComponents: []
  m_SourcePrefab: {fileID: 100100000, guid: 88acc80279aa18c4685aec044b412218, type: 3}
--- !u!4 &464845923070538433 stripped
Transform:
  m_CorrespondingSourceObject: {fileID: 7487236060334165795, guid: 88acc80279aa18c4685aec044b412218, type: 3}
  m_PrefabInstance: {fileID: 7033346499054337506}
  m_PrefabAsset: {fileID: 0}
--- !u!1001 &7912043943428988692
PrefabInstance:
  m_ObjectHideFlags: 0
  serializedVersion: 2
  m_Modification:
    m_TransformParent: {fileID: 3914252519705102433}
    m_Modifications:
    - target: {fileID: 4464880455357365502, guid: 88acc80279aa18c4685aec044b412218, type: 3}
      propertyPath: m_Name
      value: Bathroom_Wall (23)
      objectReference: {fileID: 0}
    - target: {fileID: 7487236060334165795, guid: 88acc80279aa18c4685aec044b412218, type: 3}
      propertyPath: m_RootOrder
      value: 19
      objectReference: {fileID: 0}
    - target: {fileID: 7487236060334165795, guid: 88acc80279aa18c4685aec044b412218, type: 3}
      propertyPath: m_LocalScale.z
      value: 0.60000026
      objectReference: {fileID: 0}
    - target: {fileID: 7487236060334165795, guid: 88acc80279aa18c4685aec044b412218, type: 3}
      propertyPath: m_LocalPosition.x
      value: -3.9805143
      objectReference: {fileID: 0}
    - target: {fileID: 7487236060334165795, guid: 88acc80279aa18c4685aec044b412218, type: 3}
      propertyPath: m_LocalPosition.y
      value: 0.00000023841858
      objectReference: {fileID: 0}
    - target: {fileID: 7487236060334165795, guid: 88acc80279aa18c4685aec044b412218, type: 3}
      propertyPath: m_LocalPosition.z
      value: -3.8664665
      objectReference: {fileID: 0}
    - target: {fileID: 7487236060334165795, guid: 88acc80279aa18c4685aec044b412218, type: 3}
      propertyPath: m_LocalRotation.w
      value: 0
      objectReference: {fileID: 0}
    - target: {fileID: 7487236060334165795, guid: 88acc80279aa18c4685aec044b412218, type: 3}
      propertyPath: m_LocalRotation.x
      value: -0
      objectReference: {fileID: 0}
    - target: {fileID: 7487236060334165795, guid: 88acc80279aa18c4685aec044b412218, type: 3}
      propertyPath: m_LocalRotation.y
      value: 0.7071068
      objectReference: {fileID: 0}
    - target: {fileID: 7487236060334165795, guid: 88acc80279aa18c4685aec044b412218, type: 3}
      propertyPath: m_LocalRotation.z
      value: 0.7071068
      objectReference: {fileID: 0}
    - target: {fileID: 7487236060334165795, guid: 88acc80279aa18c4685aec044b412218, type: 3}
      propertyPath: m_LocalEulerAnglesHint.x
      value: -90
      objectReference: {fileID: 0}
    - target: {fileID: 7487236060334165795, guid: 88acc80279aa18c4685aec044b412218, type: 3}
      propertyPath: m_LocalEulerAnglesHint.y
      value: 0
      objectReference: {fileID: 0}
    - target: {fileID: 7487236060334165795, guid: 88acc80279aa18c4685aec044b412218, type: 3}
      propertyPath: m_LocalEulerAnglesHint.z
      value: 180
      objectReference: {fileID: 0}
    m_RemovedComponents: []
  m_SourcePrefab: {fileID: 100100000, guid: 88acc80279aa18c4685aec044b412218, type: 3}
--- !u!4 &731055990940307511 stripped
Transform:
  m_CorrespondingSourceObject: {fileID: 7487236060334165795, guid: 88acc80279aa18c4685aec044b412218, type: 3}
  m_PrefabInstance: {fileID: 7912043943428988692}
  m_PrefabAsset: {fileID: 0}
--- !u!1001 &8276635557053726299
PrefabInstance:
  m_ObjectHideFlags: 0
  serializedVersion: 2
  m_Modification:
    m_TransformParent: {fileID: 3914252519705102433}
    m_Modifications:
    - target: {fileID: 4464880455357365502, guid: 88acc80279aa18c4685aec044b412218, type: 3}
      propertyPath: m_Name
      value: Bathroom_Wall (20)
      objectReference: {fileID: 0}
    - target: {fileID: 7487236060334165795, guid: 88acc80279aa18c4685aec044b412218, type: 3}
      propertyPath: m_RootOrder
      value: 16
      objectReference: {fileID: 0}
    - target: {fileID: 7487236060334165795, guid: 88acc80279aa18c4685aec044b412218, type: 3}
      propertyPath: m_LocalScale.z
      value: 0.6000003
      objectReference: {fileID: 0}
    - target: {fileID: 7487236060334165795, guid: 88acc80279aa18c4685aec044b412218, type: 3}
      propertyPath: m_LocalPosition.x
      value: 4.7751484
      objectReference: {fileID: 0}
    - target: {fileID: 7487236060334165795, guid: 88acc80279aa18c4685aec044b412218, type: 3}
      propertyPath: m_LocalPosition.y
      value: 0
      objectReference: {fileID: 0}
    - target: {fileID: 7487236060334165795, guid: 88acc80279aa18c4685aec044b412218, type: 3}
      propertyPath: m_LocalPosition.z
      value: 2.3838043
      objectReference: {fileID: 0}
    - target: {fileID: 7487236060334165795, guid: 88acc80279aa18c4685aec044b412218, type: 3}
      propertyPath: m_LocalRotation.w
      value: -0.5
      objectReference: {fileID: 0}
    - target: {fileID: 7487236060334165795, guid: 88acc80279aa18c4685aec044b412218, type: 3}
      propertyPath: m_LocalRotation.x
      value: 0.5
      objectReference: {fileID: 0}
    - target: {fileID: 7487236060334165795, guid: 88acc80279aa18c4685aec044b412218, type: 3}
      propertyPath: m_LocalRotation.y
      value: 0.5
      objectReference: {fileID: 0}
    - target: {fileID: 7487236060334165795, guid: 88acc80279aa18c4685aec044b412218, type: 3}
      propertyPath: m_LocalRotation.z
      value: 0.5
      objectReference: {fileID: 0}
    - target: {fileID: 7487236060334165795, guid: 88acc80279aa18c4685aec044b412218, type: 3}
      propertyPath: m_LocalEulerAnglesHint.x
      value: -90
      objectReference: {fileID: 0}
    - target: {fileID: 7487236060334165795, guid: 88acc80279aa18c4685aec044b412218, type: 3}
      propertyPath: m_LocalEulerAnglesHint.y
      value: 0
      objectReference: {fileID: 0}
    - target: {fileID: 7487236060334165795, guid: 88acc80279aa18c4685aec044b412218, type: 3}
      propertyPath: m_LocalEulerAnglesHint.z
      value: 270
      objectReference: {fileID: 0}
    m_RemovedComponents: []
  m_SourcePrefab: {fileID: 100100000, guid: 88acc80279aa18c4685aec044b412218, type: 3}
--- !u!4 &1527993194950390136 stripped
Transform:
  m_CorrespondingSourceObject: {fileID: 7487236060334165795, guid: 88acc80279aa18c4685aec044b412218, type: 3}
  m_PrefabInstance: {fileID: 8276635557053726299}
  m_PrefabAsset: {fileID: 0}
