%YAML 1.1
%TAG !u! tag:unity3d.com,2011:
--- !u!1 &1582206149550699878
GameObject:
  m_ObjectHideFlags: 0
  m_CorrespondingSourceObject: {fileID: 0}
  m_PrefabInstance: {fileID: 0}
  m_PrefabAsset: {fileID: 0}
  serializedVersion: 6
  m_Component:
  - component: {fileID: 4231209259071306546}
  m_Layer: 0
  m_Name: Closed_State_Plumbers_Walls_Lvl_0
  m_TagString: Untagged
  m_Icon: {fileID: 0}
  m_NavMeshLayer: 0
  m_StaticEditorFlags: 0
  m_IsActive: 1
--- !u!4 &4231209259071306546
Transform:
  m_ObjectHideFlags: 0
  m_CorrespondingSourceObject: {fileID: 0}
  m_PrefabInstance: {fileID: 0}
  m_PrefabAsset: {fileID: 0}
  m_GameObject: {fileID: 1582206149550699878}
  m_LocalRotation: {x: -0, y: -0, z: -0, w: 1}
  m_LocalPosition: {x: -3.2792826, y: 0.89857864, z: -1.5834713}
  m_LocalScale: {x: 1, y: 1, z: 1}
  m_ConstrainProportionsScale: 0
  m_Children:
  - {fileID: 6173237176892173624}
  - {fileID: 7690025966496769423}
  - {fileID: 4767154994797480514}
  - {fileID: 5436933865254896528}
  - {fileID: 4107773556920024033}
  - {fileID: 2973208051772966372}
  - {fileID: 8352882342537588242}
  - {fileID: 2855404431796000545}
  - {fileID: 2547569733315457612}
  - {fileID: 461432022503738648}
  - {fileID: 8777770338325004574}
  - {fileID: 2722691870774926521}
  - {fileID: 8403362555721395235}
  - {fileID: 7088094529940882218}
  - {fileID: 1880337783581026547}
  - {fileID: 5326295345763233350}
  - {fileID: 5281825940536626488}
  - {fileID: 5499229410768415030}
  - {fileID: 6103367344797822791}
  - {fileID: 2962814673109914260}
  - {fileID: 5132228483218220275}
  m_Father: {fileID: 0}
  m_RootOrder: 0
  m_LocalEulerAnglesHint: {x: 0, y: 0, z: 0}
--- !u!1 &2985758614039466213
GameObject:
  m_ObjectHideFlags: 0
  m_CorrespondingSourceObject: {fileID: 0}
  m_PrefabInstance: {fileID: 0}
  m_PrefabAsset: {fileID: 0}
  serializedVersion: 6
  m_Component:
  - component: {fileID: 7737957228750136377}
  - component: {fileID: 8590265901576684264}
  m_Layer: 0
  m_Name: Shadow_square (2)
  m_TagString: Untagged
  m_Icon: {fileID: 0}
  m_NavMeshLayer: 0
  m_StaticEditorFlags: 0
  m_IsActive: 1
--- !u!4 &7737957228750136377
Transform:
  m_ObjectHideFlags: 0
  m_CorrespondingSourceObject: {fileID: 0}
  m_PrefabInstance: {fileID: 0}
  m_PrefabAsset: {fileID: 0}
  m_GameObject: {fileID: 2985758614039466213}
  m_LocalRotation: {x: 0.7071068, y: -0, z: -0, w: 0.7071068}
  m_LocalPosition: {x: -7.06, y: 1.03, z: 2.4699986}
  m_LocalScale: {x: 10.902952, y: 11.254028, z: 1}
  m_ConstrainProportionsScale: 0
  m_Children: []
  m_Father: {fileID: 5132228483218220275}
  m_RootOrder: 0
  m_LocalEulerAnglesHint: {x: 90, y: 0, z: 0}
--- !u!212 &8590265901576684264
SpriteRenderer:
  m_ObjectHideFlags: 0
  m_CorrespondingSourceObject: {fileID: 0}
  m_PrefabInstance: {fileID: 0}
  m_PrefabAsset: {fileID: 0}
  m_GameObject: {fileID: 2985758614039466213}
  m_Enabled: 1
  m_CastShadows: 0
  m_ReceiveShadows: 0
  m_DynamicOccludee: 1
  m_StaticShadowCaster: 0
  m_MotionVectors: 1
  m_LightProbeUsage: 1
  m_ReflectionProbeUsage: 1
  m_RayTracingMode: 0
  m_RayTraceProcedural: 0
  m_RenderingLayerMask: 1
  m_RendererPriority: 0
  m_Materials:
  - {fileID: 10754, guid: 0000000000000000f000000000000000, type: 0}
  m_StaticBatchInfo:
    firstSubMesh: 0
    subMeshCount: 0
  m_StaticBatchRoot: {fileID: 0}
  m_ProbeAnchor: {fileID: 0}
  m_LightProbeVolumeOverride: {fileID: 0}
  m_ScaleInLightmap: 1
  m_ReceiveGI: 1
  m_PreserveUVs: 0
  m_IgnoreNormalsForChartDetection: 0
  m_ImportantGI: 0
  m_StitchLightmapSeams: 1
  m_SelectedEditorRenderState: 0
  m_MinimumChartSize: 4
  m_AutoUVMaxDistance: 0.5
  m_AutoUVMaxAngle: 89
  m_LightmapParameters: {fileID: 0}
  m_SortingLayerID: 0
  m_SortingLayer: 0
  m_SortingOrder: 0
  m_Sprite: {fileID: 21300000, guid: 921f46a91369f8c47bd967eb83da68a5, type: 3}
  m_Color: {r: 1, g: 1, b: 1, a: 1}
  m_FlipX: 0
  m_FlipY: 0
  m_DrawMode: 0
  m_Size: {x: 1.28, y: 1.28}
  m_AdaptiveModeThreshold: 0.5
  m_SpriteTileMode: 0
  m_WasSpriteAssigned: 1
  m_MaskInteraction: 0
  m_SpriteSortPoint: 0
--- !u!1 &4898025558587733159
GameObject:
  m_ObjectHideFlags: 0
  m_CorrespondingSourceObject: {fileID: 0}
  m_PrefabInstance: {fileID: 0}
  m_PrefabAsset: {fileID: 0}
  serializedVersion: 6
  m_Component:
  - component: {fileID: 5132228483218220275}
  m_Layer: 0
  m_Name: Shadows
  m_TagString: Untagged
  m_Icon: {fileID: 0}
  m_NavMeshLayer: 0
  m_StaticEditorFlags: 0
  m_IsActive: 1
--- !u!4 &5132228483218220275
Transform:
  m_ObjectHideFlags: 0
  m_CorrespondingSourceObject: {fileID: 0}
  m_PrefabInstance: {fileID: 0}
  m_PrefabAsset: {fileID: 0}
  m_GameObject: {fileID: 4898025558587733159}
  m_LocalRotation: {x: -0, y: -0, z: -0, w: 1}
  m_LocalPosition: {x: 10.209643, y: 0.08564043, z: -0.16348076}
  m_LocalScale: {x: 0.79606885, y: 1, z: 0.98656}
  m_ConstrainProportionsScale: 0
  m_Children:
  - {fileID: 7737957228750136377}
  - {fileID: 1432667624346103115}
  m_Father: {fileID: 4231209259071306546}
  m_RootOrder: 20
  m_LocalEulerAnglesHint: {x: 0, y: 0, z: 0}
--- !u!1 &8918806393928856772
GameObject:
  m_ObjectHideFlags: 0
  m_CorrespondingSourceObject: {fileID: 0}
  m_PrefabInstance: {fileID: 0}
  m_PrefabAsset: {fileID: 0}
  serializedVersion: 6
  m_Component:
  - component: {fileID: 1432667624346103115}
  - component: {fileID: 5400639584021207576}
  m_Layer: 0
  m_Name: Shadow_square (3)
  m_TagString: Untagged
  m_Icon: {fileID: 0}
  m_NavMeshLayer: 0
  m_StaticEditorFlags: 0
  m_IsActive: 1
--- !u!4 &1432667624346103115
Transform:
  m_ObjectHideFlags: 0
  m_CorrespondingSourceObject: {fileID: 0}
  m_PrefabInstance: {fileID: 0}
  m_PrefabAsset: {fileID: 0}
  m_GameObject: {fileID: 8918806393928856772}
  m_LocalRotation: {x: 0.7071068, y: -0, z: -0, w: 0.7071068}
  m_LocalPosition: {x: -7.06, y: 1.03, z: 2.47}
  m_LocalScale: {x: 10.902952, y: 11.254028, z: 1}
  m_ConstrainProportionsScale: 0
  m_Children: []
  m_Father: {fileID: 5132228483218220275}
  m_RootOrder: 1
  m_LocalEulerAnglesHint: {x: 90, y: 0, z: 0}
--- !u!212 &5400639584021207576
SpriteRenderer:
  m_ObjectHideFlags: 0
  m_CorrespondingSourceObject: {fileID: 0}
  m_PrefabInstance: {fileID: 0}
  m_PrefabAsset: {fileID: 0}
  m_GameObject: {fileID: 8918806393928856772}
  m_Enabled: 1
  m_CastShadows: 0
  m_ReceiveShadows: 0
  m_DynamicOccludee: 1
  m_StaticShadowCaster: 0
  m_MotionVectors: 1
  m_LightProbeUsage: 1
  m_ReflectionProbeUsage: 1
  m_RayTracingMode: 0
  m_RayTraceProcedural: 0
  m_RenderingLayerMask: 1
  m_RendererPriority: 0
  m_Materials:
  - {fileID: 10754, guid: 0000000000000000f000000000000000, type: 0}
  m_StaticBatchInfo:
    firstSubMesh: 0
    subMeshCount: 0
  m_StaticBatchRoot: {fileID: 0}
  m_ProbeAnchor: {fileID: 0}
  m_LightProbeVolumeOverride: {fileID: 0}
  m_ScaleInLightmap: 1
  m_ReceiveGI: 1
  m_PreserveUVs: 0
  m_IgnoreNormalsForChartDetection: 0
  m_ImportantGI: 0
  m_StitchLightmapSeams: 1
  m_SelectedEditorRenderState: 0
  m_MinimumChartSize: 4
  m_AutoUVMaxDistance: 0.5
  m_AutoUVMaxAngle: 89
  m_LightmapParameters: {fileID: 0}
  m_SortingLayerID: 0
  m_SortingLayer: 0
  m_SortingOrder: 0
  m_Sprite: {fileID: 21300000, guid: 921f46a91369f8c47bd967eb83da68a5, type: 3}
  m_Color: {r: 1, g: 1, b: 1, a: 1}
  m_FlipX: 0
  m_FlipY: 0
  m_DrawMode: 0
  m_Size: {x: 1.28, y: 1.28}
  m_AdaptiveModeThreshold: 0.5
  m_SpriteTileMode: 0
  m_WasSpriteAssigned: 1
  m_MaskInteraction: 0
  m_SpriteSortPoint: 0
--- !u!1001 &272864114554325897
PrefabInstance:
  m_ObjectHideFlags: 0
  serializedVersion: 2
  m_Modification:
    m_TransformParent: {fileID: 4231209259071306546}
    m_Modifications:
    - target: {fileID: 2017417864386589206, guid: 891b305b14c51d3459e0feda9205c1ac, type: 3}
      propertyPath: m_Name
      value: L1_closed_wall (13)
      objectReference: {fileID: 0}
    - target: {fileID: 4747143938598781387, guid: 891b305b14c51d3459e0feda9205c1ac, type: 3}
      propertyPath: m_RootOrder
      value: 2
      objectReference: {fileID: 0}
    - target: {fileID: 4747143938598781387, guid: 891b305b14c51d3459e0feda9205c1ac, type: 3}
      propertyPath: m_LocalPosition.x
      value: 2.712799
      objectReference: {fileID: 0}
    - target: {fileID: 4747143938598781387, guid: 891b305b14c51d3459e0feda9205c1ac, type: 3}
      propertyPath: m_LocalPosition.y
      value: 0.31914997
      objectReference: {fileID: 0}
    - target: {fileID: 4747143938598781387, guid: 891b305b14c51d3459e0feda9205c1ac, type: 3}
      propertyPath: m_LocalPosition.z
      value: 8.965962
      objectReference: {fileID: 0}
    - target: {fileID: 4747143938598781387, guid: 891b305b14c51d3459e0feda9205c1ac, type: 3}
      propertyPath: m_LocalRotation.w
      value: 0.7071068
      objectReference: {fileID: 0}
    - target: {fileID: 4747143938598781387, guid: 891b305b14c51d3459e0feda9205c1ac, type: 3}
      propertyPath: m_LocalRotation.x
      value: 0
      objectReference: {fileID: 0}
    - target: {fileID: 4747143938598781387, guid: 891b305b14c51d3459e0feda9205c1ac, type: 3}
      propertyPath: m_LocalRotation.y
      value: -0.7071068
      objectReference: {fileID: 0}
    - target: {fileID: 4747143938598781387, guid: 891b305b14c51d3459e0feda9205c1ac, type: 3}
      propertyPath: m_LocalRotation.z
      value: 0
      objectReference: {fileID: 0}
    - target: {fileID: 4747143938598781387, guid: 891b305b14c51d3459e0feda9205c1ac, type: 3}
      propertyPath: m_LocalEulerAnglesHint.x
      value: 0
      objectReference: {fileID: 0}
    - target: {fileID: 4747143938598781387, guid: 891b305b14c51d3459e0feda9205c1ac, type: 3}
      propertyPath: m_LocalEulerAnglesHint.y
      value: -90
      objectReference: {fileID: 0}
    - target: {fileID: 4747143938598781387, guid: 891b305b14c51d3459e0feda9205c1ac, type: 3}
      propertyPath: m_LocalEulerAnglesHint.z
      value: 0
      objectReference: {fileID: 0}
    m_RemovedComponents: []
  m_SourcePrefab: {fileID: 100100000, guid: 891b305b14c51d3459e0feda9205c1ac, type: 3}
--- !u!4 &4767154994797480514 stripped
Transform:
  m_CorrespondingSourceObject: {fileID: 4747143938598781387, guid: 891b305b14c51d3459e0feda9205c1ac, type: 3}
  m_PrefabInstance: {fileID: 272864114554325897}
  m_PrefabAsset: {fileID: 0}
--- !u!1001 &579824326293647245
PrefabInstance:
  m_ObjectHideFlags: 0
  serializedVersion: 2
  m_Modification:
    m_TransformParent: {fileID: 4231209259071306546}
    m_Modifications:
    - target: {fileID: 2017417864386589206, guid: 891b305b14c51d3459e0feda9205c1ac, type: 3}
      propertyPath: m_Name
      value: L1_closed_wall (24)
      objectReference: {fileID: 0}
    - target: {fileID: 4747143938598781387, guid: 891b305b14c51d3459e0feda9205c1ac, type: 3}
      propertyPath: m_RootOrder
      value: 15
      objectReference: {fileID: 0}
    - target: {fileID: 4747143938598781387, guid: 891b305b14c51d3459e0feda9205c1ac, type: 3}
      propertyPath: m_LocalPosition.x
      value: 4.713852
      objectReference: {fileID: 0}
    - target: {fileID: 4747143938598781387, guid: 891b305b14c51d3459e0feda9205c1ac, type: 3}
      propertyPath: m_LocalPosition.y
      value: 0.31914997
      objectReference: {fileID: 0}
    - target: {fileID: 4747143938598781387, guid: 891b305b14c51d3459e0feda9205c1ac, type: 3}
      propertyPath: m_LocalPosition.z
      value: 8.965962
      objectReference: {fileID: 0}
    - target: {fileID: 4747143938598781387, guid: 891b305b14c51d3459e0feda9205c1ac, type: 3}
      propertyPath: m_LocalRotation.w
      value: 0.7071068
      objectReference: {fileID: 0}
    - target: {fileID: 4747143938598781387, guid: 891b305b14c51d3459e0feda9205c1ac, type: 3}
      propertyPath: m_LocalRotation.x
      value: 0
      objectReference: {fileID: 0}
    - target: {fileID: 4747143938598781387, guid: 891b305b14c51d3459e0feda9205c1ac, type: 3}
      propertyPath: m_LocalRotation.y
      value: -0.7071068
      objectReference: {fileID: 0}
    - target: {fileID: 4747143938598781387, guid: 891b305b14c51d3459e0feda9205c1ac, type: 3}
      propertyPath: m_LocalRotation.z
      value: 0
      objectReference: {fileID: 0}
    - target: {fileID: 4747143938598781387, guid: 891b305b14c51d3459e0feda9205c1ac, type: 3}
      propertyPath: m_LocalEulerAnglesHint.x
      value: 0
      objectReference: {fileID: 0}
    - target: {fileID: 4747143938598781387, guid: 891b305b14c51d3459e0feda9205c1ac, type: 3}
      propertyPath: m_LocalEulerAnglesHint.y
      value: -90
      objectReference: {fileID: 0}
    - target: {fileID: 4747143938598781387, guid: 891b305b14c51d3459e0feda9205c1ac, type: 3}
      propertyPath: m_LocalEulerAnglesHint.z
      value: 0
      objectReference: {fileID: 0}
    m_RemovedComponents: []
  m_SourcePrefab: {fileID: 100100000, guid: 891b305b14c51d3459e0feda9205c1ac, type: 3}
--- !u!4 &5326295345763233350 stripped
Transform:
  m_CorrespondingSourceObject: {fileID: 4747143938598781387, guid: 891b305b14c51d3459e0feda9205c1ac, type: 3}
  m_PrefabInstance: {fileID: 579824326293647245}
  m_PrefabAsset: {fileID: 0}
--- !u!1001 &625418671572208883
PrefabInstance:
  m_ObjectHideFlags: 0
  serializedVersion: 2
  m_Modification:
    m_TransformParent: {fileID: 4231209259071306546}
    m_Modifications:
    - target: {fileID: 2017417864386589206, guid: 891b305b14c51d3459e0feda9205c1ac, type: 3}
      propertyPath: m_Name
      value: L1_closed_wall (25)
      objectReference: {fileID: 0}
    - target: {fileID: 4747143938598781387, guid: 891b305b14c51d3459e0feda9205c1ac, type: 3}
      propertyPath: m_RootOrder
      value: 16
      objectReference: {fileID: 0}
    - target: {fileID: 4747143938598781387, guid: 891b305b14c51d3459e0feda9205c1ac, type: 3}
      propertyPath: m_LocalPosition.x
      value: 5.7143784
      objectReference: {fileID: 0}
    - target: {fileID: 4747143938598781387, guid: 891b305b14c51d3459e0feda9205c1ac, type: 3}
      propertyPath: m_LocalPosition.y
      value: 0.31914997
      objectReference: {fileID: 0}
    - target: {fileID: 4747143938598781387, guid: 891b305b14c51d3459e0feda9205c1ac, type: 3}
      propertyPath: m_LocalPosition.z
      value: 8.965962
      objectReference: {fileID: 0}
    - target: {fileID: 4747143938598781387, guid: 891b305b14c51d3459e0feda9205c1ac, type: 3}
      propertyPath: m_LocalRotation.w
      value: 0.7071068
      objectReference: {fileID: 0}
    - target: {fileID: 4747143938598781387, guid: 891b305b14c51d3459e0feda9205c1ac, type: 3}
      propertyPath: m_LocalRotation.x
      value: 0
      objectReference: {fileID: 0}
    - target: {fileID: 4747143938598781387, guid: 891b305b14c51d3459e0feda9205c1ac, type: 3}
      propertyPath: m_LocalRotation.y
      value: -0.7071068
      objectReference: {fileID: 0}
    - target: {fileID: 4747143938598781387, guid: 891b305b14c51d3459e0feda9205c1ac, type: 3}
      propertyPath: m_LocalRotation.z
      value: 0
      objectReference: {fileID: 0}
    - target: {fileID: 4747143938598781387, guid: 891b305b14c51d3459e0feda9205c1ac, type: 3}
      propertyPath: m_LocalEulerAnglesHint.x
      value: 0
      objectReference: {fileID: 0}
    - target: {fileID: 4747143938598781387, guid: 891b305b14c51d3459e0feda9205c1ac, type: 3}
      propertyPath: m_LocalEulerAnglesHint.y
      value: -90
      objectReference: {fileID: 0}
    - target: {fileID: 4747143938598781387, guid: 891b305b14c51d3459e0feda9205c1ac, type: 3}
      propertyPath: m_LocalEulerAnglesHint.z
      value: 0
      objectReference: {fileID: 0}
    m_RemovedComponents: []
  m_SourcePrefab: {fileID: 100100000, guid: 891b305b14c51d3459e0feda9205c1ac, type: 3}
--- !u!4 &5281825940536626488 stripped
Transform:
  m_CorrespondingSourceObject: {fileID: 4747143938598781387, guid: 891b305b14c51d3459e0feda9205c1ac, type: 3}
  m_PrefabInstance: {fileID: 625418671572208883}
  m_PrefabAsset: {fileID: 0}
--- !u!1001 &761918444699058779
PrefabInstance:
  m_ObjectHideFlags: 0
  serializedVersion: 2
  m_Modification:
    m_TransformParent: {fileID: 4231209259071306546}
    m_Modifications:
    - target: {fileID: 2017417864386589206, guid: 891b305b14c51d3459e0feda9205c1ac, type: 3}
      propertyPath: m_Name
      value: L1_closed_wall (14)
      objectReference: {fileID: 0}
    - target: {fileID: 4747143938598781387, guid: 891b305b14c51d3459e0feda9205c1ac, type: 3}
      propertyPath: m_RootOrder
      value: 3
      objectReference: {fileID: 0}
    - target: {fileID: 4747143938598781387, guid: 891b305b14c51d3459e0feda9205c1ac, type: 3}
      propertyPath: m_LocalPosition.x
      value: 3.7133255
      objectReference: {fileID: 0}
    - target: {fileID: 4747143938598781387, guid: 891b305b14c51d3459e0feda9205c1ac, type: 3}
      propertyPath: m_LocalPosition.y
      value: 0.31914997
      objectReference: {fileID: 0}
    - target: {fileID: 4747143938598781387, guid: 891b305b14c51d3459e0feda9205c1ac, type: 3}
      propertyPath: m_LocalPosition.z
      value: 8.965962
      objectReference: {fileID: 0}
    - target: {fileID: 4747143938598781387, guid: 891b305b14c51d3459e0feda9205c1ac, type: 3}
      propertyPath: m_LocalRotation.w
      value: 0.7071068
      objectReference: {fileID: 0}
    - target: {fileID: 4747143938598781387, guid: 891b305b14c51d3459e0feda9205c1ac, type: 3}
      propertyPath: m_LocalRotation.x
      value: 0
      objectReference: {fileID: 0}
    - target: {fileID: 4747143938598781387, guid: 891b305b14c51d3459e0feda9205c1ac, type: 3}
      propertyPath: m_LocalRotation.y
      value: -0.7071068
      objectReference: {fileID: 0}
    - target: {fileID: 4747143938598781387, guid: 891b305b14c51d3459e0feda9205c1ac, type: 3}
      propertyPath: m_LocalRotation.z
      value: 0
      objectReference: {fileID: 0}
    - target: {fileID: 4747143938598781387, guid: 891b305b14c51d3459e0feda9205c1ac, type: 3}
      propertyPath: m_LocalEulerAnglesHint.x
      value: 0
      objectReference: {fileID: 0}
    - target: {fileID: 4747143938598781387, guid: 891b305b14c51d3459e0feda9205c1ac, type: 3}
      propertyPath: m_LocalEulerAnglesHint.y
      value: -90
      objectReference: {fileID: 0}
    - target: {fileID: 4747143938598781387, guid: 891b305b14c51d3459e0feda9205c1ac, type: 3}
      propertyPath: m_LocalEulerAnglesHint.z
      value: 0
      objectReference: {fileID: 0}
    m_RemovedComponents: []
  m_SourcePrefab: {fileID: 100100000, guid: 891b305b14c51d3459e0feda9205c1ac, type: 3}
--- !u!4 &5436933865254896528 stripped
Transform:
  m_CorrespondingSourceObject: {fileID: 4747143938598781387, guid: 891b305b14c51d3459e0feda9205c1ac, type: 3}
  m_PrefabInstance: {fileID: 761918444699058779}
  m_PrefabAsset: {fileID: 0}
--- !u!1001 &986303994805561597
PrefabInstance:
  m_ObjectHideFlags: 0
  serializedVersion: 2
  m_Modification:
    m_TransformParent: {fileID: 4231209259071306546}
    m_Modifications:
    - target: {fileID: 2017417864386589206, guid: 891b305b14c51d3459e0feda9205c1ac, type: 3}
      propertyPath: m_Name
      value: L1_closed_wall (26)
      objectReference: {fileID: 0}
    - target: {fileID: 4747143938598781387, guid: 891b305b14c51d3459e0feda9205c1ac, type: 3}
      propertyPath: m_RootOrder
      value: 17
      objectReference: {fileID: 0}
    - target: {fileID: 4747143938598781387, guid: 891b305b14c51d3459e0feda9205c1ac, type: 3}
      propertyPath: m_LocalPosition.x
      value: 6.714905
      objectReference: {fileID: 0}
    - target: {fileID: 4747143938598781387, guid: 891b305b14c51d3459e0feda9205c1ac, type: 3}
      propertyPath: m_LocalPosition.y
      value: 0.31914997
      objectReference: {fileID: 0}
    - target: {fileID: 4747143938598781387, guid: 891b305b14c51d3459e0feda9205c1ac, type: 3}
      propertyPath: m_LocalPosition.z
      value: 8.965962
      objectReference: {fileID: 0}
    - target: {fileID: 4747143938598781387, guid: 891b305b14c51d3459e0feda9205c1ac, type: 3}
      propertyPath: m_LocalRotation.w
      value: 0.7071068
      objectReference: {fileID: 0}
    - target: {fileID: 4747143938598781387, guid: 891b305b14c51d3459e0feda9205c1ac, type: 3}
      propertyPath: m_LocalRotation.x
      value: 0
      objectReference: {fileID: 0}
    - target: {fileID: 4747143938598781387, guid: 891b305b14c51d3459e0feda9205c1ac, type: 3}
      propertyPath: m_LocalRotation.y
      value: -0.7071068
      objectReference: {fileID: 0}
    - target: {fileID: 4747143938598781387, guid: 891b305b14c51d3459e0feda9205c1ac, type: 3}
      propertyPath: m_LocalRotation.z
      value: 0
      objectReference: {fileID: 0}
    - target: {fileID: 4747143938598781387, guid: 891b305b14c51d3459e0feda9205c1ac, type: 3}
      propertyPath: m_LocalEulerAnglesHint.x
      value: 0
      objectReference: {fileID: 0}
    - target: {fileID: 4747143938598781387, guid: 891b305b14c51d3459e0feda9205c1ac, type: 3}
      propertyPath: m_LocalEulerAnglesHint.y
      value: -90
      objectReference: {fileID: 0}
    - target: {fileID: 4747143938598781387, guid: 891b305b14c51d3459e0feda9205c1ac, type: 3}
      propertyPath: m_LocalEulerAnglesHint.z
      value: 0
      objectReference: {fileID: 0}
    m_RemovedComponents: []
  m_SourcePrefab: {fileID: 100100000, guid: 891b305b14c51d3459e0feda9205c1ac, type: 3}
--- !u!4 &5499229410768415030 stripped
Transform:
  m_CorrespondingSourceObject: {fileID: 4747143938598781387, guid: 891b305b14c51d3459e0feda9205c1ac, type: 3}
  m_PrefabInstance: {fileID: 986303994805561597}
  m_PrefabAsset: {fileID: 0}
--- !u!1001 &1423049300212731543
PrefabInstance:
  m_ObjectHideFlags: 0
  serializedVersion: 2
  m_Modification:
    m_TransformParent: {fileID: 4231209259071306546}
    m_Modifications:
    - target: {fileID: 1574283180815352719, guid: 65fa5693894bb6e48bedd2c3e04daf82, type: 3}
      propertyPath: m_RootOrder
      value: 9
      objectReference: {fileID: 0}
    - target: {fileID: 1574283180815352719, guid: 65fa5693894bb6e48bedd2c3e04daf82, type: 3}
      propertyPath: m_LocalScale.y
      value: 1
      objectReference: {fileID: 0}
    - target: {fileID: 1574283180815352719, guid: 65fa5693894bb6e48bedd2c3e04daf82, type: 3}
      propertyPath: m_LocalPosition.x
      value: -0.038475752
      objectReference: {fileID: 0}
    - target: {fileID: 1574283180815352719, guid: 65fa5693894bb6e48bedd2c3e04daf82, type: 3}
      propertyPath: m_LocalPosition.y
      value: 0.3260191
      objectReference: {fileID: 0}
    - target: {fileID: 1574283180815352719, guid: 65fa5693894bb6e48bedd2c3e04daf82, type: 3}
      propertyPath: m_LocalPosition.z
      value: -4.036833
      objectReference: {fileID: 0}
    - target: {fileID: 1574283180815352719, guid: 65fa5693894bb6e48bedd2c3e04daf82, type: 3}
      propertyPath: m_LocalRotation.w
      value: 1
      objectReference: {fileID: 0}
    - target: {fileID: 1574283180815352719, guid: 65fa5693894bb6e48bedd2c3e04daf82, type: 3}
      propertyPath: m_LocalRotation.x
      value: 0
      objectReference: {fileID: 0}
    - target: {fileID: 1574283180815352719, guid: 65fa5693894bb6e48bedd2c3e04daf82, type: 3}
      propertyPath: m_LocalRotation.y
      value: 0
      objectReference: {fileID: 0}
    - target: {fileID: 1574283180815352719, guid: 65fa5693894bb6e48bedd2c3e04daf82, type: 3}
      propertyPath: m_LocalRotation.z
      value: 0
      objectReference: {fileID: 0}
    - target: {fileID: 1574283180815352719, guid: 65fa5693894bb6e48bedd2c3e04daf82, type: 3}
      propertyPath: m_LocalEulerAnglesHint.x
      value: 0
      objectReference: {fileID: 0}
    - target: {fileID: 1574283180815352719, guid: 65fa5693894bb6e48bedd2c3e04daf82, type: 3}
      propertyPath: m_LocalEulerAnglesHint.y
      value: 0
      objectReference: {fileID: 0}
    - target: {fileID: 1574283180815352719, guid: 65fa5693894bb6e48bedd2c3e04daf82, type: 3}
      propertyPath: m_LocalEulerAnglesHint.z
      value: 0
      objectReference: {fileID: 0}
    - target: {fileID: 7325642185878991516, guid: 65fa5693894bb6e48bedd2c3e04daf82, type: 3}
      propertyPath: m_Name
      value: WC_Wall_Column_A_1 (15)
      objectReference: {fileID: 0}
    - target: {fileID: 8925413377668319503, guid: 65fa5693894bb6e48bedd2c3e04daf82, type: 3}
      propertyPath: m_Mesh
      value: 
      objectReference: {fileID: -5664913973390399961, guid: 46290a20542c415479058d007c9e7941, type: 3}
    m_RemovedComponents: []
  m_SourcePrefab: {fileID: 100100000, guid: 65fa5693894bb6e48bedd2c3e04daf82, type: 3}
--- !u!4 &461432022503738648 stripped
Transform:
  m_CorrespondingSourceObject: {fileID: 1574283180815352719, guid: 65fa5693894bb6e48bedd2c3e04daf82, type: 3}
  m_PrefabInstance: {fileID: 1423049300212731543}
  m_PrefabAsset: {fileID: 0}
--- !u!1001 &1462122608055086323
PrefabInstance:
  m_ObjectHideFlags: 0
  serializedVersion: 2
  m_Modification:
    m_TransformParent: {fileID: 4231209259071306546}
    m_Modifications:
    - target: {fileID: 2017417864386589206, guid: 891b305b14c51d3459e0feda9205c1ac, type: 3}
      propertyPath: m_Name
      value: L1_closed_wall (11)
      objectReference: {fileID: 0}
    - target: {fileID: 4747143938598781387, guid: 891b305b14c51d3459e0feda9205c1ac, type: 3}
      propertyPath: m_RootOrder
      value: 0
      objectReference: {fileID: 0}
    - target: {fileID: 4747143938598781387, guid: 891b305b14c51d3459e0feda9205c1ac, type: 3}
      propertyPath: m_LocalPosition.x
      value: 0.7117462
      objectReference: {fileID: 0}
    - target: {fileID: 4747143938598781387, guid: 891b305b14c51d3459e0feda9205c1ac, type: 3}
      propertyPath: m_LocalPosition.y
      value: 0.31914997
      objectReference: {fileID: 0}
    - target: {fileID: 4747143938598781387, guid: 891b305b14c51d3459e0feda9205c1ac, type: 3}
      propertyPath: m_LocalPosition.z
      value: 8.965962
      objectReference: {fileID: 0}
    - target: {fileID: 4747143938598781387, guid: 891b305b14c51d3459e0feda9205c1ac, type: 3}
      propertyPath: m_LocalRotation.w
      value: 0.7071068
      objectReference: {fileID: 0}
    - target: {fileID: 4747143938598781387, guid: 891b305b14c51d3459e0feda9205c1ac, type: 3}
      propertyPath: m_LocalRotation.x
      value: 0
      objectReference: {fileID: 0}
    - target: {fileID: 4747143938598781387, guid: 891b305b14c51d3459e0feda9205c1ac, type: 3}
      propertyPath: m_LocalRotation.y
      value: -0.7071068
      objectReference: {fileID: 0}
    - target: {fileID: 4747143938598781387, guid: 891b305b14c51d3459e0feda9205c1ac, type: 3}
      propertyPath: m_LocalRotation.z
      value: 0
      objectReference: {fileID: 0}
    - target: {fileID: 4747143938598781387, guid: 891b305b14c51d3459e0feda9205c1ac, type: 3}
      propertyPath: m_LocalEulerAnglesHint.x
      value: 0
      objectReference: {fileID: 0}
    - target: {fileID: 4747143938598781387, guid: 891b305b14c51d3459e0feda9205c1ac, type: 3}
      propertyPath: m_LocalEulerAnglesHint.y
      value: -90
      objectReference: {fileID: 0}
    - target: {fileID: 4747143938598781387, guid: 891b305b14c51d3459e0feda9205c1ac, type: 3}
      propertyPath: m_LocalEulerAnglesHint.z
      value: 0
      objectReference: {fileID: 0}
    m_RemovedComponents: []
  m_SourcePrefab: {fileID: 100100000, guid: 891b305b14c51d3459e0feda9205c1ac, type: 3}
--- !u!4 &6173237176892173624 stripped
Transform:
  m_CorrespondingSourceObject: {fileID: 4747143938598781387, guid: 891b305b14c51d3459e0feda9205c1ac, type: 3}
  m_PrefabInstance: {fileID: 1462122608055086323}
  m_PrefabAsset: {fileID: 0}
--- !u!1001 &1536494940198071948
PrefabInstance:
  m_ObjectHideFlags: 0
  serializedVersion: 2
  m_Modification:
    m_TransformParent: {fileID: 4231209259071306546}
    m_Modifications:
    - target: {fileID: 2017417864386589206, guid: 891b305b14c51d3459e0feda9205c1ac, type: 3}
      propertyPath: m_Name
      value: L1_closed_wall (27)
      objectReference: {fileID: 0}
    - target: {fileID: 4747143938598781387, guid: 891b305b14c51d3459e0feda9205c1ac, type: 3}
      propertyPath: m_RootOrder
      value: 18
      objectReference: {fileID: 0}
    - target: {fileID: 4747143938598781387, guid: 891b305b14c51d3459e0feda9205c1ac, type: 3}
      propertyPath: m_LocalPosition.x
      value: 7.715431
      objectReference: {fileID: 0}
    - target: {fileID: 4747143938598781387, guid: 891b305b14c51d3459e0feda9205c1ac, type: 3}
      propertyPath: m_LocalPosition.y
      value: 0.31914997
      objectReference: {fileID: 0}
    - target: {fileID: 4747143938598781387, guid: 891b305b14c51d3459e0feda9205c1ac, type: 3}
      propertyPath: m_LocalPosition.z
      value: 8.965962
      objectReference: {fileID: 0}
    - target: {fileID: 4747143938598781387, guid: 891b305b14c51d3459e0feda9205c1ac, type: 3}
      propertyPath: m_LocalRotation.w
      value: 0.7071068
      objectReference: {fileID: 0}
    - target: {fileID: 4747143938598781387, guid: 891b305b14c51d3459e0feda9205c1ac, type: 3}
      propertyPath: m_LocalRotation.x
      value: 0
      objectReference: {fileID: 0}
    - target: {fileID: 4747143938598781387, guid: 891b305b14c51d3459e0feda9205c1ac, type: 3}
      propertyPath: m_LocalRotation.y
      value: -0.7071068
      objectReference: {fileID: 0}
    - target: {fileID: 4747143938598781387, guid: 891b305b14c51d3459e0feda9205c1ac, type: 3}
      propertyPath: m_LocalRotation.z
      value: 0
      objectReference: {fileID: 0}
    - target: {fileID: 4747143938598781387, guid: 891b305b14c51d3459e0feda9205c1ac, type: 3}
      propertyPath: m_LocalEulerAnglesHint.x
      value: 0
      objectReference: {fileID: 0}
    - target: {fileID: 4747143938598781387, guid: 891b305b14c51d3459e0feda9205c1ac, type: 3}
      propertyPath: m_LocalEulerAnglesHint.y
      value: -90
      objectReference: {fileID: 0}
    - target: {fileID: 4747143938598781387, guid: 891b305b14c51d3459e0feda9205c1ac, type: 3}
      propertyPath: m_LocalEulerAnglesHint.z
      value: 0
      objectReference: {fileID: 0}
    m_RemovedComponents: []
  m_SourcePrefab: {fileID: 100100000, guid: 891b305b14c51d3459e0feda9205c1ac, type: 3}
--- !u!4 &6103367344797822791 stripped
Transform:
  m_CorrespondingSourceObject: {fileID: 4747143938598781387, guid: 891b305b14c51d3459e0feda9205c1ac, type: 3}
  m_PrefabInstance: {fileID: 1536494940198071948}
  m_PrefabAsset: {fileID: 0}
--- !u!1001 &2575150966652289761
PrefabInstance:
  m_ObjectHideFlags: 0
  serializedVersion: 2
  m_Modification:
    m_TransformParent: {fileID: 4231209259071306546}
    m_Modifications:
    - target: {fileID: 2017417864386589206, guid: 891b305b14c51d3459e0feda9205c1ac, type: 3}
      propertyPath: m_Name
      value: L1_closed_wall (22)
      objectReference: {fileID: 0}
    - target: {fileID: 4747143938598781387, guid: 891b305b14c51d3459e0feda9205c1ac, type: 3}
      propertyPath: m_RootOrder
      value: 13
      objectReference: {fileID: 0}
    - target: {fileID: 4747143938598781387, guid: 891b305b14c51d3459e0feda9205c1ac, type: 3}
      propertyPath: m_LocalPosition.x
      value: 4.713854
      objectReference: {fileID: 0}
    - target: {fileID: 4747143938598781387, guid: 891b305b14c51d3459e0feda9205c1ac, type: 3}
      propertyPath: m_LocalPosition.y
      value: 0.32602048
      objectReference: {fileID: 0}
    - target: {fileID: 4747143938598781387, guid: 891b305b14c51d3459e0feda9205c1ac, type: 3}
      propertyPath: m_LocalPosition.z
      value: -4.036482
      objectReference: {fileID: 0}
    - target: {fileID: 4747143938598781387, guid: 891b305b14c51d3459e0feda9205c1ac, type: 3}
      propertyPath: m_LocalRotation.w
      value: 0.7071068
      objectReference: {fileID: 0}
    - target: {fileID: 4747143938598781387, guid: 891b305b14c51d3459e0feda9205c1ac, type: 3}
      propertyPath: m_LocalRotation.x
      value: 0
      objectReference: {fileID: 0}
    - target: {fileID: 4747143938598781387, guid: 891b305b14c51d3459e0feda9205c1ac, type: 3}
      propertyPath: m_LocalRotation.y
      value: 0.7071068
      objectReference: {fileID: 0}
    - target: {fileID: 4747143938598781387, guid: 891b305b14c51d3459e0feda9205c1ac, type: 3}
      propertyPath: m_LocalRotation.z
      value: 0
      objectReference: {fileID: 0}
    - target: {fileID: 4747143938598781387, guid: 891b305b14c51d3459e0feda9205c1ac, type: 3}
      propertyPath: m_LocalEulerAnglesHint.x
      value: 0
      objectReference: {fileID: 0}
    - target: {fileID: 4747143938598781387, guid: 891b305b14c51d3459e0feda9205c1ac, type: 3}
      propertyPath: m_LocalEulerAnglesHint.y
      value: 90
      objectReference: {fileID: 0}
    - target: {fileID: 4747143938598781387, guid: 891b305b14c51d3459e0feda9205c1ac, type: 3}
      propertyPath: m_LocalEulerAnglesHint.z
      value: 0
      objectReference: {fileID: 0}
    m_RemovedComponents: []
  m_SourcePrefab: {fileID: 100100000, guid: 891b305b14c51d3459e0feda9205c1ac, type: 3}
--- !u!4 &7088094529940882218 stripped
Transform:
  m_CorrespondingSourceObject: {fileID: 4747143938598781387, guid: 891b305b14c51d3459e0feda9205c1ac, type: 3}
  m_PrefabInstance: {fileID: 2575150966652289761}
  m_PrefabAsset: {fileID: 0}
--- !u!1001 &3123610957516219460
PrefabInstance:
  m_ObjectHideFlags: 0
  serializedVersion: 2
  m_Modification:
    m_TransformParent: {fileID: 4231209259071306546}
    m_Modifications:
    - target: {fileID: 2017417864386589206, guid: 891b305b14c51d3459e0feda9205c1ac, type: 3}
      propertyPath: m_Name
      value: L1_closed_wall (12)
      objectReference: {fileID: 0}
    - target: {fileID: 4747143938598781387, guid: 891b305b14c51d3459e0feda9205c1ac, type: 3}
      propertyPath: m_RootOrder
      value: 1
      objectReference: {fileID: 0}
    - target: {fileID: 4747143938598781387, guid: 891b305b14c51d3459e0feda9205c1ac, type: 3}
      propertyPath: m_LocalPosition.x
      value: 1.7122726
      objectReference: {fileID: 0}
    - target: {fileID: 4747143938598781387, guid: 891b305b14c51d3459e0feda9205c1ac, type: 3}
      propertyPath: m_LocalPosition.y
      value: 0.31914997
      objectReference: {fileID: 0}
    - target: {fileID: 4747143938598781387, guid: 891b305b14c51d3459e0feda9205c1ac, type: 3}
      propertyPath: m_LocalPosition.z
      value: 8.965962
      objectReference: {fileID: 0}
    - target: {fileID: 4747143938598781387, guid: 891b305b14c51d3459e0feda9205c1ac, type: 3}
      propertyPath: m_LocalRotation.w
      value: 0.7071068
      objectReference: {fileID: 0}
    - target: {fileID: 4747143938598781387, guid: 891b305b14c51d3459e0feda9205c1ac, type: 3}
      propertyPath: m_LocalRotation.x
      value: 0
      objectReference: {fileID: 0}
    - target: {fileID: 4747143938598781387, guid: 891b305b14c51d3459e0feda9205c1ac, type: 3}
      propertyPath: m_LocalRotation.y
      value: -0.7071068
      objectReference: {fileID: 0}
    - target: {fileID: 4747143938598781387, guid: 891b305b14c51d3459e0feda9205c1ac, type: 3}
      propertyPath: m_LocalRotation.z
      value: 0
      objectReference: {fileID: 0}
    - target: {fileID: 4747143938598781387, guid: 891b305b14c51d3459e0feda9205c1ac, type: 3}
      propertyPath: m_LocalEulerAnglesHint.x
      value: 0
      objectReference: {fileID: 0}
    - target: {fileID: 4747143938598781387, guid: 891b305b14c51d3459e0feda9205c1ac, type: 3}
      propertyPath: m_LocalEulerAnglesHint.y
      value: -90
      objectReference: {fileID: 0}
    - target: {fileID: 4747143938598781387, guid: 891b305b14c51d3459e0feda9205c1ac, type: 3}
      propertyPath: m_LocalEulerAnglesHint.z
      value: 0
      objectReference: {fileID: 0}
    m_RemovedComponents: []
  m_SourcePrefab: {fileID: 100100000, guid: 891b305b14c51d3459e0feda9205c1ac, type: 3}
--- !u!4 &7690025966496769423 stripped
Transform:
  m_CorrespondingSourceObject: {fileID: 4747143938598781387, guid: 891b305b14c51d3459e0feda9205c1ac, type: 3}
  m_PrefabInstance: {fileID: 3123610957516219460}
  m_PrefabAsset: {fileID: 0}
--- !u!1001 &3231689521840715886
PrefabInstance:
  m_ObjectHideFlags: 0
  serializedVersion: 2
  m_Modification:
    m_TransformParent: {fileID: 4231209259071306546}
    m_Modifications:
    - target: {fileID: 1574283180815352719, guid: 65fa5693894bb6e48bedd2c3e04daf82, type: 3}
      propertyPath: m_RootOrder
      value: 4
      objectReference: {fileID: 0}
    - target: {fileID: 1574283180815352719, guid: 65fa5693894bb6e48bedd2c3e04daf82, type: 3}
      propertyPath: m_LocalScale.y
      value: 1
      objectReference: {fileID: 0}
    - target: {fileID: 1574283180815352719, guid: 65fa5693894bb6e48bedd2c3e04daf82, type: 3}
      propertyPath: m_LocalPosition.x
      value: -0.038159132
      objectReference: {fileID: 0}
    - target: {fileID: 1574283180815352719, guid: 65fa5693894bb6e48bedd2c3e04daf82, type: 3}
      propertyPath: m_LocalPosition.y
      value: 0.31914997
      objectReference: {fileID: 0}
    - target: {fileID: 1574283180815352719, guid: 65fa5693894bb6e48bedd2c3e04daf82, type: 3}
      propertyPath: m_LocalPosition.z
      value: 8.965956
      objectReference: {fileID: 0}
    - target: {fileID: 1574283180815352719, guid: 65fa5693894bb6e48bedd2c3e04daf82, type: 3}
      propertyPath: m_LocalRotation.w
      value: -0.7071068
      objectReference: {fileID: 0}
    - target: {fileID: 1574283180815352719, guid: 65fa5693894bb6e48bedd2c3e04daf82, type: 3}
      propertyPath: m_LocalRotation.x
      value: -0
      objectReference: {fileID: 0}
    - target: {fileID: 1574283180815352719, guid: 65fa5693894bb6e48bedd2c3e04daf82, type: 3}
      propertyPath: m_LocalRotation.y
      value: 0.7071068
      objectReference: {fileID: 0}
    - target: {fileID: 1574283180815352719, guid: 65fa5693894bb6e48bedd2c3e04daf82, type: 3}
      propertyPath: m_LocalRotation.z
      value: -0
      objectReference: {fileID: 0}
    - target: {fileID: 1574283180815352719, guid: 65fa5693894bb6e48bedd2c3e04daf82, type: 3}
      propertyPath: m_LocalEulerAnglesHint.x
      value: 0
      objectReference: {fileID: 0}
    - target: {fileID: 1574283180815352719, guid: 65fa5693894bb6e48bedd2c3e04daf82, type: 3}
      propertyPath: m_LocalEulerAnglesHint.y
      value: 270
      objectReference: {fileID: 0}
    - target: {fileID: 1574283180815352719, guid: 65fa5693894bb6e48bedd2c3e04daf82, type: 3}
      propertyPath: m_LocalEulerAnglesHint.z
      value: 0
      objectReference: {fileID: 0}
    - target: {fileID: 7325642185878991516, guid: 65fa5693894bb6e48bedd2c3e04daf82, type: 3}
      propertyPath: m_Name
      value: WC_Wall_Column_A_1 (14)
      objectReference: {fileID: 0}
    - target: {fileID: 8925413377668319503, guid: 65fa5693894bb6e48bedd2c3e04daf82, type: 3}
      propertyPath: m_Mesh
      value: 
      objectReference: {fileID: -5664913973390399961, guid: 46290a20542c415479058d007c9e7941, type: 3}
    m_RemovedComponents: []
  m_SourcePrefab: {fileID: 100100000, guid: 65fa5693894bb6e48bedd2c3e04daf82, type: 3}
--- !u!4 &4107773556920024033 stripped
Transform:
  m_CorrespondingSourceObject: {fileID: 1574283180815352719, guid: 65fa5693894bb6e48bedd2c3e04daf82, type: 3}
  m_PrefabInstance: {fileID: 3231689521840715886}
  m_PrefabAsset: {fileID: 0}
--- !u!1001 &3605791752272850905
PrefabInstance:
  m_ObjectHideFlags: 0
  serializedVersion: 2
  m_Modification:
    m_TransformParent: {fileID: 4231209259071306546}
    m_Modifications:
    - target: {fileID: 2017417864386589206, guid: 891b305b14c51d3459e0feda9205c1ac, type: 3}
      propertyPath: m_Name
      value: L1_closed_wall (16)
      objectReference: {fileID: 0}
    - target: {fileID: 4747143938598781387, guid: 891b305b14c51d3459e0feda9205c1ac, type: 3}
      propertyPath: m_RootOrder
      value: 6
      objectReference: {fileID: 0}
    - target: {fileID: 4747143938598781387, guid: 891b305b14c51d3459e0feda9205c1ac, type: 3}
      propertyPath: m_LocalPosition.x
      value: 2.7128165
      objectReference: {fileID: 0}
    - target: {fileID: 4747143938598781387, guid: 891b305b14c51d3459e0feda9205c1ac, type: 3}
      propertyPath: m_LocalPosition.y
      value: 0.32602
      objectReference: {fileID: 0}
    - target: {fileID: 4747143938598781387, guid: 891b305b14c51d3459e0feda9205c1ac, type: 3}
      propertyPath: m_LocalPosition.z
      value: -4.0364857
      objectReference: {fileID: 0}
    - target: {fileID: 4747143938598781387, guid: 891b305b14c51d3459e0feda9205c1ac, type: 3}
      propertyPath: m_LocalRotation.w
      value: 0.7071068
      objectReference: {fileID: 0}
    - target: {fileID: 4747143938598781387, guid: 891b305b14c51d3459e0feda9205c1ac, type: 3}
      propertyPath: m_LocalRotation.x
      value: 0
      objectReference: {fileID: 0}
    - target: {fileID: 4747143938598781387, guid: 891b305b14c51d3459e0feda9205c1ac, type: 3}
      propertyPath: m_LocalRotation.y
      value: 0.7071068
      objectReference: {fileID: 0}
    - target: {fileID: 4747143938598781387, guid: 891b305b14c51d3459e0feda9205c1ac, type: 3}
      propertyPath: m_LocalRotation.z
      value: 0
      objectReference: {fileID: 0}
    - target: {fileID: 4747143938598781387, guid: 891b305b14c51d3459e0feda9205c1ac, type: 3}
      propertyPath: m_LocalEulerAnglesHint.x
      value: 0
      objectReference: {fileID: 0}
    - target: {fileID: 4747143938598781387, guid: 891b305b14c51d3459e0feda9205c1ac, type: 3}
      propertyPath: m_LocalEulerAnglesHint.y
      value: 90
      objectReference: {fileID: 0}
    - target: {fileID: 4747143938598781387, guid: 891b305b14c51d3459e0feda9205c1ac, type: 3}
      propertyPath: m_LocalEulerAnglesHint.z
      value: 0
      objectReference: {fileID: 0}
    m_RemovedComponents: []
  m_SourcePrefab: {fileID: 100100000, guid: 891b305b14c51d3459e0feda9205c1ac, type: 3}
--- !u!4 &8352882342537588242 stripped
Transform:
  m_CorrespondingSourceObject: {fileID: 4747143938598781387, guid: 891b305b14c51d3459e0feda9205c1ac, type: 3}
  m_PrefabInstance: {fileID: 3605791752272850905}
  m_PrefabAsset: {fileID: 0}
--- !u!1001 &3854944915972943336
PrefabInstance:
  m_ObjectHideFlags: 0
  serializedVersion: 2
  m_Modification:
    m_TransformParent: {fileID: 4231209259071306546}
    m_Modifications:
    - target: {fileID: 2017417864386589206, guid: 891b305b14c51d3459e0feda9205c1ac, type: 3}
      propertyPath: m_Name
      value: L1_closed_wall (21)
      objectReference: {fileID: 0}
    - target: {fileID: 4747143938598781387, guid: 891b305b14c51d3459e0feda9205c1ac, type: 3}
      propertyPath: m_RootOrder
      value: 12
      objectReference: {fileID: 0}
    - target: {fileID: 4747143938598781387, guid: 891b305b14c51d3459e0feda9205c1ac, type: 3}
      propertyPath: m_LocalPosition.x
      value: 5.7143726
      objectReference: {fileID: 0}
    - target: {fileID: 4747143938598781387, guid: 891b305b14c51d3459e0feda9205c1ac, type: 3}
      propertyPath: m_LocalPosition.y
      value: 0.32602072
      objectReference: {fileID: 0}
    - target: {fileID: 4747143938598781387, guid: 891b305b14c51d3459e0feda9205c1ac, type: 3}
      propertyPath: m_LocalPosition.z
      value: -4.03648
      objectReference: {fileID: 0}
    - target: {fileID: 4747143938598781387, guid: 891b305b14c51d3459e0feda9205c1ac, type: 3}
      propertyPath: m_LocalRotation.w
      value: 0.7071068
      objectReference: {fileID: 0}
    - target: {fileID: 4747143938598781387, guid: 891b305b14c51d3459e0feda9205c1ac, type: 3}
      propertyPath: m_LocalRotation.x
      value: 0
      objectReference: {fileID: 0}
    - target: {fileID: 4747143938598781387, guid: 891b305b14c51d3459e0feda9205c1ac, type: 3}
      propertyPath: m_LocalRotation.y
      value: 0.7071068
      objectReference: {fileID: 0}
    - target: {fileID: 4747143938598781387, guid: 891b305b14c51d3459e0feda9205c1ac, type: 3}
      propertyPath: m_LocalRotation.z
      value: 0
      objectReference: {fileID: 0}
    - target: {fileID: 4747143938598781387, guid: 891b305b14c51d3459e0feda9205c1ac, type: 3}
      propertyPath: m_LocalEulerAnglesHint.x
      value: 0
      objectReference: {fileID: 0}
    - target: {fileID: 4747143938598781387, guid: 891b305b14c51d3459e0feda9205c1ac, type: 3}
      propertyPath: m_LocalEulerAnglesHint.y
      value: 90
      objectReference: {fileID: 0}
    - target: {fileID: 4747143938598781387, guid: 891b305b14c51d3459e0feda9205c1ac, type: 3}
      propertyPath: m_LocalEulerAnglesHint.z
      value: 0
      objectReference: {fileID: 0}
    m_RemovedComponents: []
  m_SourcePrefab: {fileID: 100100000, guid: 891b305b14c51d3459e0feda9205c1ac, type: 3}
--- !u!4 &8403362555721395235 stripped
Transform:
  m_CorrespondingSourceObject: {fileID: 4747143938598781387, guid: 891b305b14c51d3459e0feda9205c1ac, type: 3}
  m_PrefabInstance: {fileID: 3854944915972943336}
  m_PrefabAsset: {fileID: 0}
--- !u!1001 &4049257091951935701
PrefabInstance:
  m_ObjectHideFlags: 0
  serializedVersion: 2
  m_Modification:
    m_TransformParent: {fileID: 4231209259071306546}
    m_Modifications:
    - target: {fileID: 2017417864386589206, guid: 891b305b14c51d3459e0feda9205c1ac, type: 3}
      propertyPath: m_Name
      value: L1_closed_wall (19)
      objectReference: {fileID: 0}
    - target: {fileID: 4747143938598781387, guid: 891b305b14c51d3459e0feda9205c1ac, type: 3}
      propertyPath: m_RootOrder
      value: 10
      objectReference: {fileID: 0}
    - target: {fileID: 4747143938598781387, guid: 891b305b14c51d3459e0feda9205c1ac, type: 3}
      propertyPath: m_LocalPosition.x
      value: 7.71541
      objectReference: {fileID: 0}
    - target: {fileID: 4747143938598781387, guid: 891b305b14c51d3459e0feda9205c1ac, type: 3}
      propertyPath: m_LocalPosition.y
      value: 0.3260212
      objectReference: {fileID: 0}
    - target: {fileID: 4747143938598781387, guid: 891b305b14c51d3459e0feda9205c1ac, type: 3}
      propertyPath: m_LocalPosition.z
      value: -4.036476
      objectReference: {fileID: 0}
    - target: {fileID: 4747143938598781387, guid: 891b305b14c51d3459e0feda9205c1ac, type: 3}
      propertyPath: m_LocalRotation.w
      value: 0.7071068
      objectReference: {fileID: 0}
    - target: {fileID: 4747143938598781387, guid: 891b305b14c51d3459e0feda9205c1ac, type: 3}
      propertyPath: m_LocalRotation.x
      value: 0
      objectReference: {fileID: 0}
    - target: {fileID: 4747143938598781387, guid: 891b305b14c51d3459e0feda9205c1ac, type: 3}
      propertyPath: m_LocalRotation.y
      value: 0.7071068
      objectReference: {fileID: 0}
    - target: {fileID: 4747143938598781387, guid: 891b305b14c51d3459e0feda9205c1ac, type: 3}
      propertyPath: m_LocalRotation.z
      value: 0
      objectReference: {fileID: 0}
    - target: {fileID: 4747143938598781387, guid: 891b305b14c51d3459e0feda9205c1ac, type: 3}
      propertyPath: m_LocalEulerAnglesHint.x
      value: 0
      objectReference: {fileID: 0}
    - target: {fileID: 4747143938598781387, guid: 891b305b14c51d3459e0feda9205c1ac, type: 3}
      propertyPath: m_LocalEulerAnglesHint.y
      value: 90
      objectReference: {fileID: 0}
    - target: {fileID: 4747143938598781387, guid: 891b305b14c51d3459e0feda9205c1ac, type: 3}
      propertyPath: m_LocalEulerAnglesHint.z
      value: 0
      objectReference: {fileID: 0}
    m_RemovedComponents: []
  m_SourcePrefab: {fileID: 100100000, guid: 891b305b14c51d3459e0feda9205c1ac, type: 3}
--- !u!4 &8777770338325004574 stripped
Transform:
  m_CorrespondingSourceObject: {fileID: 4747143938598781387, guid: 891b305b14c51d3459e0feda9205c1ac, type: 3}
  m_PrefabInstance: {fileID: 4049257091951935701}
  m_PrefabAsset: {fileID: 0}
--- !u!1001 &6627454782531692856
PrefabInstance:
  m_ObjectHideFlags: 0
  serializedVersion: 2
  m_Modification:
    m_TransformParent: {fileID: 4231209259071306546}
    m_Modifications:
    - target: {fileID: 2017417864386589206, guid: 891b305b14c51d3459e0feda9205c1ac, type: 3}
      propertyPath: m_Name
      value: L1_closed_wall (23)
      objectReference: {fileID: 0}
    - target: {fileID: 4747143938598781387, guid: 891b305b14c51d3459e0feda9205c1ac, type: 3}
      propertyPath: m_RootOrder
      value: 14
      objectReference: {fileID: 0}
    - target: {fileID: 4747143938598781387, guid: 891b305b14c51d3459e0feda9205c1ac, type: 3}
      propertyPath: m_LocalPosition.x
      value: 8.715929
      objectReference: {fileID: 0}
    - target: {fileID: 4747143938598781387, guid: 891b305b14c51d3459e0feda9205c1ac, type: 3}
      propertyPath: m_LocalPosition.y
      value: 0.32602143
      objectReference: {fileID: 0}
    - target: {fileID: 4747143938598781387, guid: 891b305b14c51d3459e0feda9205c1ac, type: 3}
      propertyPath: m_LocalPosition.z
      value: -4.036474
      objectReference: {fileID: 0}
    - target: {fileID: 4747143938598781387, guid: 891b305b14c51d3459e0feda9205c1ac, type: 3}
      propertyPath: m_LocalRotation.w
      value: 0.7071068
      objectReference: {fileID: 0}
    - target: {fileID: 4747143938598781387, guid: 891b305b14c51d3459e0feda9205c1ac, type: 3}
      propertyPath: m_LocalRotation.x
      value: 0
      objectReference: {fileID: 0}
    - target: {fileID: 4747143938598781387, guid: 891b305b14c51d3459e0feda9205c1ac, type: 3}
      propertyPath: m_LocalRotation.y
      value: 0.7071068
      objectReference: {fileID: 0}
    - target: {fileID: 4747143938598781387, guid: 891b305b14c51d3459e0feda9205c1ac, type: 3}
      propertyPath: m_LocalRotation.z
      value: 0
      objectReference: {fileID: 0}
    - target: {fileID: 4747143938598781387, guid: 891b305b14c51d3459e0feda9205c1ac, type: 3}
      propertyPath: m_LocalEulerAnglesHint.x
      value: 0
      objectReference: {fileID: 0}
    - target: {fileID: 4747143938598781387, guid: 891b305b14c51d3459e0feda9205c1ac, type: 3}
      propertyPath: m_LocalEulerAnglesHint.y
      value: 90
      objectReference: {fileID: 0}
    - target: {fileID: 4747143938598781387, guid: 891b305b14c51d3459e0feda9205c1ac, type: 3}
      propertyPath: m_LocalEulerAnglesHint.z
      value: 0
      objectReference: {fileID: 0}
    m_RemovedComponents: []
  m_SourcePrefab: {fileID: 100100000, guid: 891b305b14c51d3459e0feda9205c1ac, type: 3}
--- !u!4 &1880337783581026547 stripped
Transform:
  m_CorrespondingSourceObject: {fileID: 4747143938598781387, guid: 891b305b14c51d3459e0feda9205c1ac, type: 3}
  m_PrefabInstance: {fileID: 6627454782531692856}
  m_PrefabAsset: {fileID: 0}
--- !u!1001 &7114552090312684423
PrefabInstance:
  m_ObjectHideFlags: 0
  serializedVersion: 2
  m_Modification:
    m_TransformParent: {fileID: 4231209259071306546}
    m_Modifications:
    - target: {fileID: 2017417864386589206, guid: 891b305b14c51d3459e0feda9205c1ac, type: 3}
      propertyPath: m_Name
      value: L1_closed_wall (18)
      objectReference: {fileID: 0}
    - target: {fileID: 4747143938598781387, guid: 891b305b14c51d3459e0feda9205c1ac, type: 3}
      propertyPath: m_RootOrder
      value: 8
      objectReference: {fileID: 0}
    - target: {fileID: 4747143938598781387, guid: 891b305b14c51d3459e0feda9205c1ac, type: 3}
      propertyPath: m_LocalPosition.x
      value: 0.7117789
      objectReference: {fileID: 0}
    - target: {fileID: 4747143938598781387, guid: 891b305b14c51d3459e0feda9205c1ac, type: 3}
      propertyPath: m_LocalPosition.y
      value: 0.32601953
      objectReference: {fileID: 0}
    - target: {fileID: 4747143938598781387, guid: 891b305b14c51d3459e0feda9205c1ac, type: 3}
      propertyPath: m_LocalPosition.z
      value: -4.0364895
      objectReference: {fileID: 0}
    - target: {fileID: 4747143938598781387, guid: 891b305b14c51d3459e0feda9205c1ac, type: 3}
      propertyPath: m_LocalRotation.w
      value: 0.7071068
      objectReference: {fileID: 0}
    - target: {fileID: 4747143938598781387, guid: 891b305b14c51d3459e0feda9205c1ac, type: 3}
      propertyPath: m_LocalRotation.x
      value: 0
      objectReference: {fileID: 0}
    - target: {fileID: 4747143938598781387, guid: 891b305b14c51d3459e0feda9205c1ac, type: 3}
      propertyPath: m_LocalRotation.y
      value: 0.7071068
      objectReference: {fileID: 0}
    - target: {fileID: 4747143938598781387, guid: 891b305b14c51d3459e0feda9205c1ac, type: 3}
      propertyPath: m_LocalRotation.z
      value: 0
      objectReference: {fileID: 0}
    - target: {fileID: 4747143938598781387, guid: 891b305b14c51d3459e0feda9205c1ac, type: 3}
      propertyPath: m_LocalEulerAnglesHint.x
      value: 0
      objectReference: {fileID: 0}
    - target: {fileID: 4747143938598781387, guid: 891b305b14c51d3459e0feda9205c1ac, type: 3}
      propertyPath: m_LocalEulerAnglesHint.y
      value: 90
      objectReference: {fileID: 0}
    - target: {fileID: 4747143938598781387, guid: 891b305b14c51d3459e0feda9205c1ac, type: 3}
      propertyPath: m_LocalEulerAnglesHint.z
      value: 0
      objectReference: {fileID: 0}
    m_RemovedComponents: []
  m_SourcePrefab: {fileID: 100100000, guid: 891b305b14c51d3459e0feda9205c1ac, type: 3}
--- !u!4 &2547569733315457612 stripped
Transform:
  m_CorrespondingSourceObject: {fileID: 4747143938598781387, guid: 891b305b14c51d3459e0feda9205c1ac, type: 3}
  m_PrefabInstance: {fileID: 7114552090312684423}
  m_PrefabAsset: {fileID: 0}
--- !u!1001 &7217528121052257650
PrefabInstance:
  m_ObjectHideFlags: 0
  serializedVersion: 2
  m_Modification:
    m_TransformParent: {fileID: 4231209259071306546}
    m_Modifications:
    - target: {fileID: 2017417864386589206, guid: 891b305b14c51d3459e0feda9205c1ac, type: 3}
      propertyPath: m_Name
      value: L1_closed_wall (20)
      objectReference: {fileID: 0}
    - target: {fileID: 4747143938598781387, guid: 891b305b14c51d3459e0feda9205c1ac, type: 3}
      propertyPath: m_RootOrder
      value: 11
      objectReference: {fileID: 0}
    - target: {fileID: 4747143938598781387, guid: 891b305b14c51d3459e0feda9205c1ac, type: 3}
      propertyPath: m_LocalPosition.x
      value: 6.7148914
      objectReference: {fileID: 0}
    - target: {fileID: 4747143938598781387, guid: 891b305b14c51d3459e0feda9205c1ac, type: 3}
      propertyPath: m_LocalPosition.y
      value: 0.32602096
      objectReference: {fileID: 0}
    - target: {fileID: 4747143938598781387, guid: 891b305b14c51d3459e0feda9205c1ac, type: 3}
      propertyPath: m_LocalPosition.z
      value: -4.036478
      objectReference: {fileID: 0}
    - target: {fileID: 4747143938598781387, guid: 891b305b14c51d3459e0feda9205c1ac, type: 3}
      propertyPath: m_LocalRotation.w
      value: 0.7071068
      objectReference: {fileID: 0}
    - target: {fileID: 4747143938598781387, guid: 891b305b14c51d3459e0feda9205c1ac, type: 3}
      propertyPath: m_LocalRotation.x
      value: 0
      objectReference: {fileID: 0}
    - target: {fileID: 4747143938598781387, guid: 891b305b14c51d3459e0feda9205c1ac, type: 3}
      propertyPath: m_LocalRotation.y
      value: 0.7071068
      objectReference: {fileID: 0}
    - target: {fileID: 4747143938598781387, guid: 891b305b14c51d3459e0feda9205c1ac, type: 3}
      propertyPath: m_LocalRotation.z
      value: 0
      objectReference: {fileID: 0}
    - target: {fileID: 4747143938598781387, guid: 891b305b14c51d3459e0feda9205c1ac, type: 3}
      propertyPath: m_LocalEulerAnglesHint.x
      value: 0
      objectReference: {fileID: 0}
    - target: {fileID: 4747143938598781387, guid: 891b305b14c51d3459e0feda9205c1ac, type: 3}
      propertyPath: m_LocalEulerAnglesHint.y
      value: 90
      objectReference: {fileID: 0}
    - target: {fileID: 4747143938598781387, guid: 891b305b14c51d3459e0feda9205c1ac, type: 3}
      propertyPath: m_LocalEulerAnglesHint.z
      value: 0
      objectReference: {fileID: 0}
    m_RemovedComponents: []
  m_SourcePrefab: {fileID: 100100000, guid: 891b305b14c51d3459e0feda9205c1ac, type: 3}
--- !u!4 &2722691870774926521 stripped
Transform:
  m_CorrespondingSourceObject: {fileID: 4747143938598781387, guid: 891b305b14c51d3459e0feda9205c1ac, type: 3}
  m_PrefabInstance: {fileID: 7217528121052257650}
  m_PrefabAsset: {fileID: 0}
--- !u!1001 &7368260011171157738
PrefabInstance:
  m_ObjectHideFlags: 0
  serializedVersion: 2
  m_Modification:
    m_TransformParent: {fileID: 4231209259071306546}
    m_Modifications:
    - target: {fileID: 2017417864386589206, guid: 891b305b14c51d3459e0feda9205c1ac, type: 3}
      propertyPath: m_Name
      value: L1_closed_wall (17)
      objectReference: {fileID: 0}
    - target: {fileID: 4747143938598781387, guid: 891b305b14c51d3459e0feda9205c1ac, type: 3}
      propertyPath: m_RootOrder
      value: 7
      objectReference: {fileID: 0}
    - target: {fileID: 4747143938598781387, guid: 891b305b14c51d3459e0feda9205c1ac, type: 3}
      propertyPath: m_LocalPosition.x
      value: 1.7122977
      objectReference: {fileID: 0}
    - target: {fileID: 4747143938598781387, guid: 891b305b14c51d3459e0feda9205c1ac, type: 3}
      propertyPath: m_LocalPosition.y
      value: 0.32601976
      objectReference: {fileID: 0}
    - target: {fileID: 4747143938598781387, guid: 891b305b14c51d3459e0feda9205c1ac, type: 3}
      propertyPath: m_LocalPosition.z
      value: -4.0364876
      objectReference: {fileID: 0}
    - target: {fileID: 4747143938598781387, guid: 891b305b14c51d3459e0feda9205c1ac, type: 3}
      propertyPath: m_LocalRotation.w
      value: 0.7071068
      objectReference: {fileID: 0}
    - target: {fileID: 4747143938598781387, guid: 891b305b14c51d3459e0feda9205c1ac, type: 3}
      propertyPath: m_LocalRotation.x
      value: 0
      objectReference: {fileID: 0}
    - target: {fileID: 4747143938598781387, guid: 891b305b14c51d3459e0feda9205c1ac, type: 3}
      propertyPath: m_LocalRotation.y
      value: 0.7071068
      objectReference: {fileID: 0}
    - target: {fileID: 4747143938598781387, guid: 891b305b14c51d3459e0feda9205c1ac, type: 3}
      propertyPath: m_LocalRotation.z
      value: 0
      objectReference: {fileID: 0}
    - target: {fileID: 4747143938598781387, guid: 891b305b14c51d3459e0feda9205c1ac, type: 3}
      propertyPath: m_LocalEulerAnglesHint.x
      value: 0
      objectReference: {fileID: 0}
    - target: {fileID: 4747143938598781387, guid: 891b305b14c51d3459e0feda9205c1ac, type: 3}
      propertyPath: m_LocalEulerAnglesHint.y
      value: 90
      objectReference: {fileID: 0}
    - target: {fileID: 4747143938598781387, guid: 891b305b14c51d3459e0feda9205c1ac, type: 3}
      propertyPath: m_LocalEulerAnglesHint.z
      value: 0
      objectReference: {fileID: 0}
    m_RemovedComponents: []
  m_SourcePrefab: {fileID: 100100000, guid: 891b305b14c51d3459e0feda9205c1ac, type: 3}
--- !u!4 &2855404431796000545 stripped
Transform:
  m_CorrespondingSourceObject: {fileID: 4747143938598781387, guid: 891b305b14c51d3459e0feda9205c1ac, type: 3}
  m_PrefabInstance: {fileID: 7368260011171157738}
  m_PrefabAsset: {fileID: 0}
--- !u!1001 &7540093104927671343
PrefabInstance:
  m_ObjectHideFlags: 0
  serializedVersion: 2
  m_Modification:
    m_TransformParent: {fileID: 4231209259071306546}
    m_Modifications:
    - target: {fileID: 2017417864386589206, guid: 891b305b14c51d3459e0feda9205c1ac, type: 3}
      propertyPath: m_Name
      value: L1_closed_wall (15)
      objectReference: {fileID: 0}
    - target: {fileID: 4747143938598781387, guid: 891b305b14c51d3459e0feda9205c1ac, type: 3}
      propertyPath: m_RootOrder
      value: 5
      objectReference: {fileID: 0}
    - target: {fileID: 4747143938598781387, guid: 891b305b14c51d3459e0feda9205c1ac, type: 3}
      propertyPath: m_LocalPosition.x
      value: 3.7133353
      objectReference: {fileID: 0}
    - target: {fileID: 4747143938598781387, guid: 891b305b14c51d3459e0feda9205c1ac, type: 3}
      propertyPath: m_LocalPosition.y
      value: 0.32602024
      objectReference: {fileID: 0}
    - target: {fileID: 4747143938598781387, guid: 891b305b14c51d3459e0feda9205c1ac, type: 3}
      propertyPath: m_LocalPosition.z
      value: -4.036484
      objectReference: {fileID: 0}
    - target: {fileID: 4747143938598781387, guid: 891b305b14c51d3459e0feda9205c1ac, type: 3}
      propertyPath: m_LocalRotation.w
      value: 0.7071068
      objectReference: {fileID: 0}
    - target: {fileID: 4747143938598781387, guid: 891b305b14c51d3459e0feda9205c1ac, type: 3}
      propertyPath: m_LocalRotation.x
      value: 0
      objectReference: {fileID: 0}
    - target: {fileID: 4747143938598781387, guid: 891b305b14c51d3459e0feda9205c1ac, type: 3}
      propertyPath: m_LocalRotation.y
      value: 0.7071068
      objectReference: {fileID: 0}
    - target: {fileID: 4747143938598781387, guid: 891b305b14c51d3459e0feda9205c1ac, type: 3}
      propertyPath: m_LocalRotation.z
      value: 0
      objectReference: {fileID: 0}
    - target: {fileID: 4747143938598781387, guid: 891b305b14c51d3459e0feda9205c1ac, type: 3}
      propertyPath: m_LocalEulerAnglesHint.x
      value: 0
      objectReference: {fileID: 0}
    - target: {fileID: 4747143938598781387, guid: 891b305b14c51d3459e0feda9205c1ac, type: 3}
      propertyPath: m_LocalEulerAnglesHint.y
      value: 90
      objectReference: {fileID: 0}
    - target: {fileID: 4747143938598781387, guid: 891b305b14c51d3459e0feda9205c1ac, type: 3}
      propertyPath: m_LocalEulerAnglesHint.z
      value: 0
      objectReference: {fileID: 0}
    m_RemovedComponents: []
  m_SourcePrefab: {fileID: 100100000, guid: 891b305b14c51d3459e0feda9205c1ac, type: 3}
--- !u!4 &2973208051772966372 stripped
Transform:
  m_CorrespondingSourceObject: {fileID: 4747143938598781387, guid: 891b305b14c51d3459e0feda9205c1ac, type: 3}
  m_PrefabInstance: {fileID: 7540093104927671343}
  m_PrefabAsset: {fileID: 0}
--- !u!1001 &7565825813327401823
PrefabInstance:
  m_ObjectHideFlags: 0
  serializedVersion: 2
  m_Modification:
    m_TransformParent: {fileID: 4231209259071306546}
    m_Modifications:
    - target: {fileID: 2017417864386589206, guid: 891b305b14c51d3459e0feda9205c1ac, type: 3}
      propertyPath: m_Name
      value: L1_closed_wall (28)
      objectReference: {fileID: 0}
    - target: {fileID: 4747143938598781387, guid: 891b305b14c51d3459e0feda9205c1ac, type: 3}
      propertyPath: m_RootOrder
      value: 19
      objectReference: {fileID: 0}
    - target: {fileID: 4747143938598781387, guid: 891b305b14c51d3459e0feda9205c1ac, type: 3}
      propertyPath: m_LocalPosition.x
      value: 8.715958
      objectReference: {fileID: 0}
    - target: {fileID: 4747143938598781387, guid: 891b305b14c51d3459e0feda9205c1ac, type: 3}
      propertyPath: m_LocalPosition.y
      value: 0.31914997
      objectReference: {fileID: 0}
    - target: {fileID: 4747143938598781387, guid: 891b305b14c51d3459e0feda9205c1ac, type: 3}
      propertyPath: m_LocalPosition.z
      value: 8.965962
      objectReference: {fileID: 0}
    - target: {fileID: 4747143938598781387, guid: 891b305b14c51d3459e0feda9205c1ac, type: 3}
      propertyPath: m_LocalRotation.w
      value: 0.7071068
      objectReference: {fileID: 0}
    - target: {fileID: 4747143938598781387, guid: 891b305b14c51d3459e0feda9205c1ac, type: 3}
      propertyPath: m_LocalRotation.x
      value: 0
      objectReference: {fileID: 0}
    - target: {fileID: 4747143938598781387, guid: 891b305b14c51d3459e0feda9205c1ac, type: 3}
      propertyPath: m_LocalRotation.y
      value: -0.7071068
      objectReference: {fileID: 0}
    - target: {fileID: 4747143938598781387, guid: 891b305b14c51d3459e0feda9205c1ac, type: 3}
      propertyPath: m_LocalRotation.z
      value: 0
      objectReference: {fileID: 0}
    - target: {fileID: 4747143938598781387, guid: 891b305b14c51d3459e0feda9205c1ac, type: 3}
      propertyPath: m_LocalEulerAnglesHint.x
      value: 0
      objectReference: {fileID: 0}
    - target: {fileID: 4747143938598781387, guid: 891b305b14c51d3459e0feda9205c1ac, type: 3}
      propertyPath: m_LocalEulerAnglesHint.y
      value: -90
      objectReference: {fileID: 0}
    - target: {fileID: 4747143938598781387, guid: 891b305b14c51d3459e0feda9205c1ac, type: 3}
      propertyPath: m_LocalEulerAnglesHint.z
      value: 0
      objectReference: {fileID: 0}
    m_RemovedComponents: []
  m_SourcePrefab: {fileID: 100100000, guid: 891b305b14c51d3459e0feda9205c1ac, type: 3}
--- !u!4 &2962814673109914260 stripped
Transform:
  m_CorrespondingSourceObject: {fileID: 4747143938598781387, guid: 891b305b14c51d3459e0feda9205c1ac, type: 3}
  m_PrefabInstance: {fileID: 7565825813327401823}
  m_PrefabAsset: {fileID: 0}
