%YAML 1.1
%TAG !u! tag:unity3d.com,2011:
--- !u!1 &1269415564797856545
GameObject:
  m_ObjectHideFlags: 0
  m_CorrespondingSourceObject: {fileID: 0}
  m_PrefabInstance: {fileID: 0}
  m_PrefabAsset: {fileID: 0}
  serializedVersion: 6
  m_Component:
  - component: {fileID: 5166515157794790114}
  - component: {fileID: 5225032909809525783}
  m_Layer: 0
  m_Name: Cleaner_2_IO
  m_TagString: Untagged
  m_Icon: {fileID: 0}
  m_NavMeshLayer: 0
  m_StaticEditorFlags: 0
  m_IsActive: 1
--- !u!4 &5166515157794790114
Transform:
  m_ObjectHideFlags: 0
  m_CorrespondingSourceObject: {fileID: 0}
  m_PrefabInstance: {fileID: 0}
  m_PrefabAsset: {fileID: 0}
  m_GameObject: {fileID: 1269415564797856545}
  m_LocalRotation: {x: -0, y: -0, z: -0, w: 1}
  m_LocalPosition: {x: 0, y: 0, z: 0}
  m_LocalScale: {x: 1, y: 1, z: 1}
  m_ConstrainProportionsScale: 0
  m_Children: []
  m_Father: {fileID: 8578401181089404329}
  m_RootOrder: 2
  m_LocalEulerAnglesHint: {x: 0, y: 0, z: 0}
--- !u!114 &5225032909809525783
MonoBehaviour:
  m_ObjectHideFlags: 0
  m_CorrespondingSourceObject: {fileID: 0}
  m_PrefabInstance: {fileID: 0}
  m_PrefabAsset: {fileID: 0}
  m_GameObject: {fileID: 1269415564797856545}
  m_Enabled: 1
  m_EditorHideFlags: 0
  m_Script: {fileID: 11500000, guid: d5a7a12054006f840a70cafeb9250395, type: 3}
  m_Name: 
  m_EditorClassIdentifier: 
  NPCId: Cleaner_2
  GizmoSizeMultiplier: 1
  TeleportToRootOnInteract: 1
  UseRootRotationOnInteract: 0
  PlayTeleportFx: 0
  ExitPosition: {fileID: 0}
  OnInteractionStart:
    m_PersistentCalls:
      m_Calls: []
  OnInteractionEnd:
    m_PersistentCalls:
      m_Calls: []
  InteractionStartAnimationTrigger: 
  InteractionMovingAnimationTrigger: 
  InteractAnimationBoolParam: 
  isOccupied: 0
  interactionTime: 10
  UsePreview: 0
  PreviewObject: {fileID: 0}
  PreviewAnimation: {fileID: 0}
  animationPosition: 0
--- !u!1 &1589935837021651000
GameObject:
  m_ObjectHideFlags: 0
  m_CorrespondingSourceObject: {fileID: 0}
  m_PrefabInstance: {fileID: 0}
  m_PrefabAsset: {fileID: 0}
  serializedVersion: 6
  m_Component:
  - component: {fileID: 8990546090589558992}
  - component: {fileID: 1512653625049403272}
  - component: {fileID: 7745006322891184970}
  m_Layer: 0
  m_Name: R2_single_bed_2_client_getting_zone
  m_TagString: Untagged
  m_Icon: {fileID: 0}
  m_NavMeshLayer: 0
  m_StaticEditorFlags: 0
  m_IsActive: 1
--- !u!4 &8990546090589558992
Transform:
  m_ObjectHideFlags: 0
  m_CorrespondingSourceObject: {fileID: 0}
  m_PrefabInstance: {fileID: 0}
  m_PrefabAsset: {fileID: 0}
  m_GameObject: {fileID: 1589935837021651000}
  m_LocalRotation: {x: 0, y: 0, z: 0, w: 1}
  m_LocalPosition: {x: 0, y: 0, z: 0}
  m_LocalScale: {x: 1, y: 1, z: 1}
  m_ConstrainProportionsScale: 0
  m_Children:
  - {fileID: 5448892435288300452}
  m_Father: {fileID: 8578401181089404329}
  m_RootOrder: 0
  m_LocalEulerAnglesHint: {x: 0, y: 0, z: 0}
--- !u!114 &1512653625049403272
MonoBehaviour:
  m_ObjectHideFlags: 0
  m_CorrespondingSourceObject: {fileID: 0}
  m_PrefabInstance: {fileID: 0}
  m_PrefabAsset: {fileID: 0}
  m_GameObject: {fileID: 1589935837021651000}
  m_Enabled: 1
  m_EditorHideFlags: 0
  m_Script: {fileID: 11500000, guid: e71f234bd5cf44fc851ef10fe90de8a9, type: 3}
  m_Name: 
  m_EditorClassIdentifier: 
  _capacity: 0
  _currentAmount: 0
  isEndlessResources: 0
  OnAmountChanged: []
  _progressBar: {fileID: 0}
  _digitsAfterPointInNumbers: 0
  _alwaysShow: 1
  _progressBarShowTime: 0
  percentToShowCollectButton: 0
  onCollectingAvailable:
    m_PersistentCalls:
      m_Calls: []
  onResourceCollected:
    m_PersistentCalls:
      m_Calls: []
  collectSpawnPoint: {fileID: 0}
--- !u!114 &7745006322891184970
MonoBehaviour:
  m_ObjectHideFlags: 0
  m_CorrespondingSourceObject: {fileID: 0}
  m_PrefabInstance: {fileID: 0}
  m_PrefabAsset: {fileID: 0}
  m_GameObject: {fileID: 1589935837021651000}
  m_Enabled: 1
  m_EditorHideFlags: 0
  m_Script: {fileID: 11500000, guid: 85778848c055488b906b87cb0a688f5b, type: 3}
  m_Name: 
  m_EditorClassIdentifier: 
  addToServiceOnStart: 0
  _id: R2_single_bed_2_client_getting_zone
  _interactableObjects:
  - {fileID: 3532750657802951692}
  _service: {fileID: 11400000, guid: 539493926fbbe234b92ffc305b07394b, type: 2}
  isBooked: 0
  isActivated: 0
  animator: {fileID: 0}
  isMaxAmountOnStart: 0
  _resourceLevel: 0
  _popUpWorldIconsScheme: {fileID: 11400000, guid: 8cde5ed4df2581e49995d75e38f8eb85, type: 2}
  _save:
    ID: 
    Level: 0
    CurrentAmount: 0
  doWorkEventDelay: 1
  doWorkEvent:
    m_PersistentCalls:
      m_Calls: []
--- !u!1 &3151910272181995011
GameObject:
  m_ObjectHideFlags: 0
  m_CorrespondingSourceObject: {fileID: 0}
  m_PrefabInstance: {fileID: 0}
  m_PrefabAsset: {fileID: 0}
  serializedVersion: 6
  m_Component:
  - component: {fileID: 8796344236133180498}
  - component: {fileID: 2126626626427857489}
  - component: {fileID: 5174991511091238106}
  - component: {fileID: 2279139688331104909}
  m_Layer: 0
  m_Name: R2_single_bed_2_cleaner_spending_zone
  m_TagString: Untagged
  m_Icon: {fileID: 0}
  m_NavMeshLayer: 0
  m_StaticEditorFlags: 0
  m_IsActive: 1
--- !u!4 &8796344236133180498
Transform:
  m_ObjectHideFlags: 0
  m_CorrespondingSourceObject: {fileID: 0}
  m_PrefabInstance: {fileID: 0}
  m_PrefabAsset: {fileID: 0}
  m_GameObject: {fileID: 3151910272181995011}
  m_LocalRotation: {x: -0, y: -0, z: -0, w: 1}
  m_LocalPosition: {x: 1.3389997, y: 0, z: 0.4800005}
  m_LocalScale: {x: 1, y: 1, z: 1}
  m_ConstrainProportionsScale: 0
  m_Children:
  - {fileID: 2705931288322940318}
  m_Father: {fileID: 8578401181089404329}
  m_RootOrder: 1
  m_LocalEulerAnglesHint: {x: 0, y: 0, z: 0}
--- !u!114 &2126626626427857489
MonoBehaviour:
  m_ObjectHideFlags: 0
  m_CorrespondingSourceObject: {fileID: 0}
  m_PrefabInstance: {fileID: 0}
  m_PrefabAsset: {fileID: 0}
  m_GameObject: {fileID: 3151910272181995011}
  m_Enabled: 1
  m_EditorHideFlags: 0
  m_Script: {fileID: 11500000, guid: e71f234bd5cf44fc851ef10fe90de8a9, type: 3}
  m_Name: 
  m_EditorClassIdentifier: 
  _capacity: 0
  _currentAmount: 0
  isEndlessResources: 0
  OnAmountChanged: []
  _progressBar: {fileID: 0}
  _digitsAfterPointInNumbers: 0
  _alwaysShow: 1
  _progressBarShowTime: 0
  percentToShowCollectButton: 0
  onCollectingAvailable:
    m_PersistentCalls:
      m_Calls: []
  onResourceCollected:
    m_PersistentCalls:
      m_Calls: []
  collectSpawnPoint: {fileID: 0}
--- !u!114 &5174991511091238106
MonoBehaviour:
  m_ObjectHideFlags: 0
  m_CorrespondingSourceObject: {fileID: 0}
  m_PrefabInstance: {fileID: 0}
  m_PrefabAsset: {fileID: 0}
  m_GameObject: {fileID: 3151910272181995011}
  m_Enabled: 1
  m_EditorHideFlags: 0
  m_Script: {fileID: 11500000, guid: cbce59df0d224021b7dcd20ffee48da8, type: 3}
  m_Name: 
  m_EditorClassIdentifier: 
  addToServiceOnStart: 1
  _id: R2_single_bed_2_cleaner_spending_zone
  _interactableObjects:
  - {fileID: 4223735835901345361}
  _service: {fileID: 11400000, guid: 63880f03c9f805a4abb53787acfd3a0d, type: 2}
  isBooked: 0
  isActivated: 0
  _spendingMultiplier: 1
  _popUpWorldIconsScheme: {fileID: 11400000, guid: cd9e1b47e2787264a8597a5ba70e320f, type: 2}
--- !u!114 &2279139688331104909
MonoBehaviour:
  m_ObjectHideFlags: 0
  m_CorrespondingSourceObject: {fileID: 0}
  m_PrefabInstance: {fileID: 0}
  m_PrefabAsset: {fileID: 0}
  m_GameObject: {fileID: 3151910272181995011}
  m_Enabled: 1
  m_EditorHideFlags: 0
  m_Script: {fileID: 11500000, guid: da02665d9f1f464bb14e1c6720b10d49, type: 3}
  m_Name: 
  m_EditorClassIdentifier: 
  _transferFrom: {fileID: 5174991511091238106}
  _transferTo: {fileID: 7745006322891184970}
  _frequency: 0.001
  _multiplier: 1
  onTransferComplete:
    m_PersistentCalls:
      m_Calls: []
  gettingZones: []
--- !u!1 &3724436707761910875
GameObject:
  m_ObjectHideFlags: 0
  m_CorrespondingSourceObject: {fileID: 0}
  m_PrefabInstance: {fileID: 0}
  m_PrefabAsset: {fileID: 0}
  serializedVersion: 6
  m_Component:
  - component: {fileID: 5448892435288300452}
  - component: {fileID: 3532750657802951692}
  m_Layer: 0
  m_Name: Client_2_IO
  m_TagString: Untagged
  m_Icon: {fileID: 0}
  m_NavMeshLayer: 0
  m_StaticEditorFlags: 0
  m_IsActive: 1
--- !u!4 &5448892435288300452
Transform:
  m_ObjectHideFlags: 0
  m_CorrespondingSourceObject: {fileID: 0}
  m_PrefabInstance: {fileID: 0}
  m_PrefabAsset: {fileID: 0}
  m_GameObject: {fileID: 3724436707761910875}
  m_LocalRotation: {x: -0, y: -0, z: -0, w: 1}
  m_LocalPosition: {x: 0, y: 0, z: 0}
  m_LocalScale: {x: 1, y: 1, z: 1}
  m_ConstrainProportionsScale: 0
  m_Children: []
  m_Father: {fileID: 8990546090589558992}
  m_RootOrder: 0
  m_LocalEulerAnglesHint: {x: 0, y: 0, z: 0}
--- !u!114 &3532750657802951692
MonoBehaviour:
  m_ObjectHideFlags: 0
  m_CorrespondingSourceObject: {fileID: 0}
  m_PrefabInstance: {fileID: 0}
  m_PrefabAsset: {fileID: 0}
  m_GameObject: {fileID: 3724436707761910875}
  m_Enabled: 1
  m_EditorHideFlags: 0
  m_Script: {fileID: 11500000, guid: d5a7a12054006f840a70cafeb9250395, type: 3}
  m_Name: 
  m_EditorClassIdentifier: 
  NPCId: Client_2
  GizmoSizeMultiplier: 1
  TeleportToRootOnInteract: 1
  UseRootRotationOnInteract: 0
  PlayTeleportFx: 0
  ExitPosition: {fileID: 0}
  OnInteractionStart:
    m_PersistentCalls:
      m_Calls: []
  OnInteractionEnd:
    m_PersistentCalls:
      m_Calls: []
  InteractionStartAnimationTrigger: 
  InteractionMovingAnimationTrigger: 
  InteractAnimationBoolParam: 
  isOccupied: 0
  interactionTime: 10
  UsePreview: 0
  PreviewObject: {fileID: 0}
  PreviewAnimation: {fileID: 0}
  animationPosition: 0
--- !u!1 &5344495241769076283
GameObject:
  m_ObjectHideFlags: 0
  m_CorrespondingSourceObject: {fileID: 0}
  m_PrefabInstance: {fileID: 0}
  m_PrefabAsset: {fileID: 0}
  serializedVersion: 6
  m_Component:
  - component: {fileID: 8578401181089404329}
  - component: {fileID: 484660227142746560}
  - component: {fileID: 2649624721840116627}
  - component: {fileID: 3943303892827307327}
  - component: {fileID: 7629941500518917471}
  m_Layer: 0
  m_Name: R2_single_bed_2_cleaner_getting_zone
  m_TagString: Untagged
  m_Icon: {fileID: 0}
  m_NavMeshLayer: 0
  m_StaticEditorFlags: 0
  m_IsActive: 1
--- !u!4 &8578401181089404329
Transform:
  m_ObjectHideFlags: 0
  m_CorrespondingSourceObject: {fileID: 0}
  m_PrefabInstance: {fileID: 0}
  m_PrefabAsset: {fileID: 0}
  m_GameObject: {fileID: 5344495241769076283}
  m_LocalRotation: {x: 0, y: 0, z: 0, w: 1}
  m_LocalPosition: {x: 1.3389997, y: 0, z: 0.4800005}
  m_LocalScale: {x: 1, y: 1, z: 1}
  m_ConstrainProportionsScale: 0
  m_Children:
  - {fileID: 8990546090589558992}
  - {fileID: 8796344236133180498}
  - {fileID: 5166515157794790114}
  - {fileID: 6621762156157005365}
  m_Father: {fileID: 7618011430715973062}
  m_RootOrder: 1
  m_LocalEulerAnglesHint: {x: 0, y: 0, z: 0}
--- !u!114 &484660227142746560
MonoBehaviour:
  m_ObjectHideFlags: 0
  m_CorrespondingSourceObject: {fileID: 0}
  m_PrefabInstance: {fileID: 0}
  m_PrefabAsset: {fileID: 0}
  m_GameObject: {fileID: 5344495241769076283}
  m_Enabled: 1
  m_EditorHideFlags: 0
  m_Script: {fileID: 11500000, guid: e71f234bd5cf44fc851ef10fe90de8a9, type: 3}
  m_Name: 
  m_EditorClassIdentifier: 
  _capacity: 0
  _currentAmount: 0
  isEndlessResources: 0
  OnAmountChanged: []
  _progressBar: {fileID: 0}
  _digitsAfterPointInNumbers: 0
  _alwaysShow: 1
  _progressBarShowTime: 0
  percentToShowCollectButton: 0
  onCollectingAvailable:
    m_PersistentCalls:
      m_Calls: []
  onResourceCollected:
    m_PersistentCalls:
      m_Calls: []
  collectSpawnPoint: {fileID: 0}
--- !u!114 &2649624721840116627
MonoBehaviour:
  m_ObjectHideFlags: 0
  m_CorrespondingSourceObject: {fileID: 0}
  m_PrefabInstance: {fileID: 0}
  m_PrefabAsset: {fileID: 0}
  m_GameObject: {fileID: 5344495241769076283}
  m_Enabled: 1
  m_EditorHideFlags: 0
  m_Script: {fileID: 11500000, guid: 85778848c055488b906b87cb0a688f5b, type: 3}
  m_Name: 
  m_EditorClassIdentifier: 
  addToServiceOnStart: 0
  _id: R2_single_bed_2_cleaner_getting_zone
  _interactableObjects:
  - {fileID: 5225032909809525783}
  _service: {fileID: 11400000, guid: 63880f03c9f805a4abb53787acfd3a0d, type: 2}
  isBooked: 0
  isActivated: 0
  animator: {fileID: 0}
  isMaxAmountOnStart: 0
  _resourceLevel: 0
  _popUpWorldIconsScheme: {fileID: 11400000, guid: cd9e1b47e2787264a8597a5ba70e320f, type: 2}
  _save:
    ID: 
    Level: 0
    CurrentAmount: 0
  doWorkEventDelay: 1
  doWorkEvent:
    m_PersistentCalls:
      m_Calls: []
--- !u!114 &3943303892827307327
MonoBehaviour:
  m_ObjectHideFlags: 0
  m_CorrespondingSourceObject: {fileID: 0}
  m_PrefabInstance: {fileID: 0}
  m_PrefabAsset: {fileID: 0}
  m_GameObject: {fileID: 5344495241769076283}
  m_Enabled: 1
  m_EditorHideFlags: 0
  m_Script: {fileID: 11500000, guid: 0195ba30b51b0dd4e9245236a7f9e8b0, type: 3}
  m_Name: 
  m_EditorClassIdentifier: 
  _transferFrom: {fileID: 0}
  _transferTo: {fileID: 0}
  fillFullStorage: 1
--- !u!114 &7629941500518917471
MonoBehaviour:
  m_ObjectHideFlags: 0
  m_CorrespondingSourceObject: {fileID: 0}
  m_PrefabInstance: {fileID: 0}
  m_PrefabAsset: {fileID: 0}
  m_GameObject: {fileID: 5344495241769076283}
  m_Enabled: 1
  m_EditorHideFlags: 0
  m_Script: {fileID: 11500000, guid: 5e40b8932b2670241a24b34350a40c20, type: 3}
  m_Name: 
  m_EditorClassIdentifier: 
  addToServiceOnStart: 1
  _id: R2_single_bed_2_client_spending_zone
  _interactableObjects:
  - {fileID: 3972594026425638537}
  _service: {fileID: 11400000, guid: ef6eb6ace1a938d40a55085b6f0a1f94, type: 2}
  isBooked: 0
  isActivated: 0
  _spendingMultiplier: 1
  _popUpWorldIconsScheme: {fileID: 11400000, guid: 8cde5ed4df2581e49995d75e38f8eb85, type: 2}
  requirements: {fileID: 11400000, guid: 44438207fc19d914f853c90b5a9cbcc5, type: 2}
  requirementType: Sleep
  zoneLevel: 0
--- !u!1 &5378199336108227755
GameObject:
  m_ObjectHideFlags: 0
  m_CorrespondingSourceObject: {fileID: 0}
  m_PrefabInstance: {fileID: 0}
  m_PrefabAsset: {fileID: 0}
  serializedVersion: 6
  m_Component:
  - component: {fileID: 6621762156157005365}
  - component: {fileID: 3972594026425638537}
  m_Layer: 0
  m_Name: Client_2_IO
  m_TagString: Untagged
  m_Icon: {fileID: 0}
  m_NavMeshLayer: 0
  m_StaticEditorFlags: 0
  m_IsActive: 1
--- !u!4 &6621762156157005365
Transform:
  m_ObjectHideFlags: 0
  m_CorrespondingSourceObject: {fileID: 0}
  m_PrefabInstance: {fileID: 0}
  m_PrefabAsset: {fileID: 0}
  m_GameObject: {fileID: 5378199336108227755}
  m_LocalRotation: {x: -0, y: -0, z: -0, w: 1}
  m_LocalPosition: {x: 0, y: 0, z: 0}
  m_LocalScale: {x: 1, y: 1, z: 1}
  m_ConstrainProportionsScale: 0
  m_Children: []
  m_Father: {fileID: 8578401181089404329}
  m_RootOrder: 3
  m_LocalEulerAnglesHint: {x: 0, y: 0, z: 0}
--- !u!114 &3972594026425638537
MonoBehaviour:
  m_ObjectHideFlags: 0
  m_CorrespondingSourceObject: {fileID: 0}
  m_PrefabInstance: {fileID: 0}
  m_PrefabAsset: {fileID: 0}
  m_GameObject: {fileID: 5378199336108227755}
  m_Enabled: 1
  m_EditorHideFlags: 0
  m_Script: {fileID: 11500000, guid: d5a7a12054006f840a70cafeb9250395, type: 3}
  m_Name: 
  m_EditorClassIdentifier: 
  NPCId: Client_2
  GizmoSizeMultiplier: 1
  TeleportToRootOnInteract: 1
  UseRootRotationOnInteract: 0
  PlayTeleportFx: 0
  ExitPosition: {fileID: 0}
  OnInteractionStart:
    m_PersistentCalls:
      m_Calls: []
  OnInteractionEnd:
    m_PersistentCalls:
      m_Calls: []
  InteractionStartAnimationTrigger: 
  InteractionMovingAnimationTrigger: 
  InteractAnimationBoolParam: 
  isOccupied: 0
  interactionTime: 10
  UsePreview: 0
  PreviewObject: {fileID: 0}
  PreviewAnimation: {fileID: 0}
  animationPosition: 0
--- !u!1 &9010321111792548551
GameObject:
  m_ObjectHideFlags: 0
  m_CorrespondingSourceObject: {fileID: 0}
  m_PrefabInstance: {fileID: 0}
  m_PrefabAsset: {fileID: 0}
  serializedVersion: 6
  m_Component:
  - component: {fileID: 2705931288322940318}
  - component: {fileID: 4223735835901345361}
  m_Layer: 0
  m_Name: Cleaner_2_IO
  m_TagString: Untagged
  m_Icon: {fileID: 0}
  m_NavMeshLayer: 0
  m_StaticEditorFlags: 0
  m_IsActive: 1
--- !u!4 &2705931288322940318
Transform:
  m_ObjectHideFlags: 0
  m_CorrespondingSourceObject: {fileID: 0}
  m_PrefabInstance: {fileID: 0}
  m_PrefabAsset: {fileID: 0}
  m_GameObject: {fileID: 9010321111792548551}
  m_LocalRotation: {x: -0, y: -0, z: -0, w: 1}
  m_LocalPosition: {x: 0, y: 0, z: 0}
  m_LocalScale: {x: 1, y: 1, z: 1}
  m_ConstrainProportionsScale: 0
  m_Children: []
  m_Father: {fileID: 8796344236133180498}
  m_RootOrder: 0
  m_LocalEulerAnglesHint: {x: 0, y: 0, z: 0}
--- !u!114 &4223735835901345361
MonoBehaviour:
  m_ObjectHideFlags: 0
  m_CorrespondingSourceObject: {fileID: 0}
  m_PrefabInstance: {fileID: 0}
  m_PrefabAsset: {fileID: 0}
  m_GameObject: {fileID: 9010321111792548551}
  m_Enabled: 1
  m_EditorHideFlags: 0
  m_Script: {fileID: 11500000, guid: d5a7a12054006f840a70cafeb9250395, type: 3}
  m_Name: 
  m_EditorClassIdentifier: 
  NPCId: Cleaner_2
  GizmoSizeMultiplier: 1
  TeleportToRootOnInteract: 1
  UseRootRotationOnInteract: 0
  PlayTeleportFx: 0
  ExitPosition: {fileID: 0}
  OnInteractionStart:
    m_PersistentCalls:
      m_Calls: []
  OnInteractionEnd:
    m_PersistentCalls:
      m_Calls: []
  InteractionStartAnimationTrigger: 
  InteractionMovingAnimationTrigger: 
  InteractAnimationBoolParam: 
  isOccupied: 0
  interactionTime: 10
  UsePreview: 0
  PreviewObject: {fileID: 0}
  PreviewAnimation: {fileID: 0}
  animationPosition: 0
--- !u!1 &9100231679966499862
GameObject:
  m_ObjectHideFlags: 0
  m_CorrespondingSourceObject: {fileID: 0}
  m_PrefabInstance: {fileID: 0}
  m_PrefabAsset: {fileID: 0}
  serializedVersion: 6
  m_Component:
  - component: {fileID: 7618011430715973062}
  - component: {fileID: 7168249424901334971}
  - component: {fileID: 6507852879366986414}
  - component: {fileID: 5286486209912658399}
  m_Layer: 0
  m_Name: 'R2_single_bed_2 '
  m_TagString: Untagged
  m_Icon: {fileID: 0}
  m_NavMeshLayer: 0
  m_StaticEditorFlags: 0
  m_IsActive: 1
--- !u!4 &7618011430715973062
Transform:
  m_ObjectHideFlags: 0
  m_CorrespondingSourceObject: {fileID: 0}
  m_PrefabInstance: {fileID: 0}
  m_PrefabAsset: {fileID: 0}
  m_GameObject: {fileID: 9100231679966499862}
  m_LocalRotation: {x: 0, y: 0, z: 0, w: 1}
  m_LocalPosition: {x: 2.6200001, y: 0, z: -0.07999992}
  m_LocalScale: {x: 1, y: 1, z: 1}
  m_ConstrainProportionsScale: 0
  m_Children:
  - {fileID: 2750835893134753060}
  - {fileID: 8578401181089404329}
  - {fileID: 8587480395319023542}
  m_Father: {fileID: 0}
  m_RootOrder: 0
  m_LocalEulerAnglesHint: {x: 0, y: 0, z: 0}
--- !u!114 &7168249424901334971
MonoBehaviour:
  m_ObjectHideFlags: 0
  m_CorrespondingSourceObject: {fileID: 0}
  m_PrefabInstance: {fileID: 0}
  m_PrefabAsset: {fileID: 0}
  m_GameObject: {fileID: 9100231679966499862}
  m_Enabled: 1
  m_EditorHideFlags: 0
  m_Script: {fileID: 11500000, guid: 023ff7a1f86a4a144a0d7676da711ef1, type: 3}
  m_Name: 
  m_EditorClassIdentifier: 
  cameraOrtoSize: 8
--- !u!114 &6507852879366986414
MonoBehaviour:
  m_ObjectHideFlags: 0
  m_CorrespondingSourceObject: {fileID: 0}
  m_PrefabInstance: {fileID: 0}
  m_PrefabAsset: {fileID: 0}
  m_GameObject: {fileID: 9100231679966499862}
  m_Enabled: 1
  m_EditorHideFlags: 0
  m_Script: {fileID: 11500000, guid: 44a0512badd6d7e408e032009ef853ac, type: 3}
  m_Name: 
  m_EditorClassIdentifier: 
  addToServiceOnStart: 1
  _id: R2_single_bed_2
  _interactableObjects:
  - {fileID: 3532750657802951692}
  - {fileID: 5225032909809525783}
  _service: {fileID: 11400000, guid: ef6eb6ace1a938d40a55085b6f0a1f94, type: 2}
  isBooked: 0
  isActivated: 0
  _stats:
    Level: 0
    ResourcesCapacity: 0
    UpgradeTime: 0
    UpgradePriceCoins: 0
    StatPleasure: 0
    UpgradePriceRedGems: 0
    UpgradePriceGreenGems: 0
    UpgradePriceBlueGems: 0
  _cameraTarget: {fileID: 7168249424901334971}
  _storage: {fileID: 0}
  workingZones:
  - {fileID: 2649624721840116627}
  - {fileID: 7745006322891184970}
  - {fileID: 5174991511091238106}
  onActivated:
    m_PersistentCalls:
      m_Calls:
      - m_Target: {fileID: 2337823432898016937}
        m_TargetAssemblyTypeName: UnityEngine.ParticleSystem, UnityEngine
        m_MethodName: Play
        m_Mode: 1
        m_Arguments:
          m_ObjectArgument: {fileID: 0}
          m_ObjectArgumentAssemblyTypeName: UnityEngine.Object, UnityEngine
          m_IntArgument: 0
          m_FloatArgument: 0
          m_StringArgument: 
          m_BoolArgument: 0
        m_CallState: 2
  onUpgraded:
    m_PersistentCalls:
      m_Calls:
      - m_Target: {fileID: 2337823432898016937}
        m_TargetAssemblyTypeName: UnityEngine.ParticleSystem, UnityEngine
        m_MethodName: Play
        m_Mode: 1
        m_Arguments:
          m_ObjectArgument: {fileID: 0}
          m_ObjectArgumentAssemblyTypeName: UnityEngine.Object, UnityEngine
          m_IntArgument: 0
          m_FloatArgument: 0
          m_StringArgument: 
          m_BoolArgument: 0
        m_CallState: 2
  _materialChanger: {fileID: 0}
  _resourceLevel: 0
  showAtServiceMenu: 1
--- !u!114 &5286486209912658399
MonoBehaviour:
  m_ObjectHideFlags: 0
  m_CorrespondingSourceObject: {fileID: 0}
  m_PrefabInstance: {fileID: 0}
  m_PrefabAsset: {fileID: 0}
  m_GameObject: {fileID: 9100231679966499862}
  m_Enabled: 1
  m_EditorHideFlags: 0
  m_Script: {fileID: 11500000, guid: f8ae9a2493d8d47419a48b5abeeaa075, type: 3}
  m_Name: 
  m_EditorClassIdentifier: 
  needToHideObjects: 0
  graphicsContainer:
  - {fileID: 7499487120307906004}
  - {fileID: 9130665939776622150}
  - {fileID: 1542434488727606333}
  - {fileID: 545851981428822889}
  - {fileID: 1281739649346521676}
  - {fileID: 2029918022931595121}
  - {fileID: 3107403902484210147}
  - {fileID: 3342436062140010091}
  - {fileID: 4985458228828827472}
  - {fileID: 3003807796720258429}
  OnBuildingSelect:
    m_PersistentCalls:
      m_Calls: []
  OnBuildingDeselect:
    m_PersistentCalls:
      m_Calls: []
  currentLevelProp: {fileID: 0}
  _propsBehaviour: {fileID: 0}
--- !u!1001 &2424722029963745999
PrefabInstance:
  m_ObjectHideFlags: 0
  serializedVersion: 2
  m_Modification:
    m_TransformParent: {fileID: 7618011430715973062}
    m_Modifications:
    - target: {fileID: -8679921383154817045, guid: 537bc28d5ac80564b9ab4ccd6afeff58, type: 3}
      propertyPath: m_RootOrder
      value: 0
      objectReference: {fileID: 0}
    - target: {fileID: -8679921383154817045, guid: 537bc28d5ac80564b9ab4ccd6afeff58, type: 3}
      propertyPath: m_LocalPosition.x
      value: 1.509
      objectReference: {fileID: 0}
    - target: {fileID: -8679921383154817045, guid: 537bc28d5ac80564b9ab4ccd6afeff58, type: 3}
      propertyPath: m_LocalPosition.y
      value: 0
      objectReference: {fileID: 0}
    - target: {fileID: -8679921383154817045, guid: 537bc28d5ac80564b9ab4ccd6afeff58, type: 3}
      propertyPath: m_LocalPosition.z
      value: 1.25
      objectReference: {fileID: 0}
    - target: {fileID: -8679921383154817045, guid: 537bc28d5ac80564b9ab4ccd6afeff58, type: 3}
      propertyPath: m_LocalRotation.w
      value: 1
      objectReference: {fileID: 0}
    - target: {fileID: -8679921383154817045, guid: 537bc28d5ac80564b9ab4ccd6afeff58, type: 3}
      propertyPath: m_LocalRotation.x
      value: 0
      objectReference: {fileID: 0}
    - target: {fileID: -8679921383154817045, guid: 537bc28d5ac80564b9ab4ccd6afeff58, type: 3}
      propertyPath: m_LocalRotation.y
      value: 0
      objectReference: {fileID: 0}
    - target: {fileID: -8679921383154817045, guid: 537bc28d5ac80564b9ab4ccd6afeff58, type: 3}
      propertyPath: m_LocalRotation.z
      value: 0
      objectReference: {fileID: 0}
    - target: {fileID: -8679921383154817045, guid: 537bc28d5ac80564b9ab4ccd6afeff58, type: 3}
      propertyPath: m_LocalEulerAnglesHint.x
      value: 0
      objectReference: {fileID: 0}
    - target: {fileID: -8679921383154817045, guid: 537bc28d5ac80564b9ab4ccd6afeff58, type: 3}
      propertyPath: m_LocalEulerAnglesHint.y
      value: 0
      objectReference: {fileID: 0}
    - target: {fileID: -8679921383154817045, guid: 537bc28d5ac80564b9ab4ccd6afeff58, type: 3}
      propertyPath: m_LocalEulerAnglesHint.z
      value: 0
      objectReference: {fileID: 0}
    - target: {fileID: -8450476160504661204, guid: 537bc28d5ac80564b9ab4ccd6afeff58, type: 3}
      propertyPath: m_IsActive
      value: 0
      objectReference: {fileID: 0}
    - target: {fileID: -5733099104354381693, guid: 537bc28d5ac80564b9ab4ccd6afeff58, type: 3}
      propertyPath: m_IsActive
      value: 0
      objectReference: {fileID: 0}
    - target: {fileID: -5421907168391196942, guid: 537bc28d5ac80564b9ab4ccd6afeff58, type: 3}
      propertyPath: m_IsActive
      value: 0
      objectReference: {fileID: 0}
    - target: {fileID: -4787924017672772162, guid: 537bc28d5ac80564b9ab4ccd6afeff58, type: 3}
      propertyPath: m_IsActive
      value: 0
      objectReference: {fileID: 0}
    - target: {fileID: -3911991884224102629, guid: 537bc28d5ac80564b9ab4ccd6afeff58, type: 3}
      propertyPath: m_IsActive
      value: 0
      objectReference: {fileID: 0}
    - target: {fileID: 919132149155446097, guid: 537bc28d5ac80564b9ab4ccd6afeff58, type: 3}
      propertyPath: m_Name
      value: R2_signle_bed_2
      objectReference: {fileID: 0}
    - target: {fileID: 1136279525638935716, guid: 537bc28d5ac80564b9ab4ccd6afeff58, type: 3}
      propertyPath: m_IsActive
      value: 0
      objectReference: {fileID: 0}
    - target: {fileID: 2753131669930084774, guid: 537bc28d5ac80564b9ab4ccd6afeff58, type: 3}
      propertyPath: m_IsActive
      value: 0
      objectReference: {fileID: 0}
    - target: {fileID: 6850242890277934217, guid: 537bc28d5ac80564b9ab4ccd6afeff58, type: 3}
      propertyPath: m_IsActive
      value: 0
      objectReference: {fileID: 0}
    - target: {fileID: 7244515052880819615, guid: 537bc28d5ac80564b9ab4ccd6afeff58, type: 3}
      propertyPath: m_IsActive
      value: 0
      objectReference: {fileID: 0}
    m_RemovedComponents: []
  m_SourcePrefab: {fileID: 100100000, guid: 537bc28d5ac80564b9ab4ccd6afeff58, type: 3}
--- !u!1 &545851981428822889 stripped
GameObject:
  m_CorrespondingSourceObject: {fileID: 2753131669930084774, guid: 537bc28d5ac80564b9ab4ccd6afeff58, type: 3}
  m_PrefabInstance: {fileID: 2424722029963745999}
  m_PrefabAsset: {fileID: 0}
--- !u!1 &1281739649346521676 stripped
GameObject:
  m_CorrespondingSourceObject: {fileID: -5733099104354381693, guid: 537bc28d5ac80564b9ab4ccd6afeff58, type: 3}
  m_PrefabInstance: {fileID: 2424722029963745999}
  m_PrefabAsset: {fileID: 0}
--- !u!1 &1542434488727606333 stripped
GameObject:
  m_CorrespondingSourceObject: {fileID: -5421907168391196942, guid: 537bc28d5ac80564b9ab4ccd6afeff58, type: 3}
  m_PrefabInstance: {fileID: 2424722029963745999}
  m_PrefabAsset: {fileID: 0}
--- !u!1 &2029918022931595121 stripped
GameObject:
  m_CorrespondingSourceObject: {fileID: -4787924017672772162, guid: 537bc28d5ac80564b9ab4ccd6afeff58, type: 3}
  m_PrefabInstance: {fileID: 2424722029963745999}
  m_PrefabAsset: {fileID: 0}
--- !u!4 &2750835893134753060 stripped
Transform:
  m_CorrespondingSourceObject: {fileID: -8679921383154817045, guid: 537bc28d5ac80564b9ab4ccd6afeff58, type: 3}
  m_PrefabInstance: {fileID: 2424722029963745999}
  m_PrefabAsset: {fileID: 0}
--- !u!1 &3003807796720258429 stripped
GameObject:
  m_CorrespondingSourceObject: {fileID: -8644100312979548238, guid: 537bc28d5ac80564b9ab4ccd6afeff58, type: 3}
  m_PrefabInstance: {fileID: 2424722029963745999}
  m_PrefabAsset: {fileID: 0}
--- !u!1 &3107403902484210147 stripped
GameObject:
  m_CorrespondingSourceObject: {fileID: -8450476160504661204, guid: 537bc28d5ac80564b9ab4ccd6afeff58, type: 3}
  m_PrefabInstance: {fileID: 2424722029963745999}
  m_PrefabAsset: {fileID: 0}
--- !u!1 &3342436062140010091 stripped
GameObject:
  m_CorrespondingSourceObject: {fileID: 1136279525638935716, guid: 537bc28d5ac80564b9ab4ccd6afeff58, type: 3}
  m_PrefabInstance: {fileID: 2424722029963745999}
  m_PrefabAsset: {fileID: 0}
--- !u!1 &4985458228828827472 stripped
GameObject:
  m_CorrespondingSourceObject: {fileID: 7244515052880819615, guid: 537bc28d5ac80564b9ab4ccd6afeff58, type: 3}
  m_PrefabInstance: {fileID: 2424722029963745999}
  m_PrefabAsset: {fileID: 0}
--- !u!1 &7499487120307906004 stripped
GameObject:
  m_CorrespondingSourceObject: {fileID: -3911991884224102629, guid: 537bc28d5ac80564b9ab4ccd6afeff58, type: 3}
  m_PrefabInstance: {fileID: 2424722029963745999}
  m_PrefabAsset: {fileID: 0}
--- !u!1 &9130665939776622150 stripped
GameObject:
  m_CorrespondingSourceObject: {fileID: 6850242890277934217, guid: 537bc28d5ac80564b9ab4ccd6afeff58, type: 3}
  m_PrefabInstance: {fileID: 2424722029963745999}
  m_PrefabAsset: {fileID: 0}
--- !u!1001 &4000175965206015941
PrefabInstance:
  m_ObjectHideFlags: 0
  serializedVersion: 2
  m_Modification:
    m_TransformParent: {fileID: 7618011430715973062}
    m_Modifications:
    - target: {fileID: 3123144177663039270, guid: b10fea7dfaf8b9b448eea8a2d6694772, type: 3}
      propertyPath: InitialModule.startSize.scalar
      value: 6
      objectReference: {fileID: 0}
    - target: {fileID: 3123144177663039270, guid: b10fea7dfaf8b9b448eea8a2d6694772, type: 3}
      propertyPath: InitialModule.startSize.minScalar
      value: 8
      objectReference: {fileID: 0}
    - target: {fileID: 4661121381842810995, guid: b10fea7dfaf8b9b448eea8a2d6694772, type: 3}
      propertyPath: m_RootOrder
      value: 2
      objectReference: {fileID: 0}
    - target: {fileID: 4661121381842810995, guid: b10fea7dfaf8b9b448eea8a2d6694772, type: 3}
      propertyPath: m_LocalPosition.x
      value: 2.17
      objectReference: {fileID: 0}
    - target: {fileID: 4661121381842810995, guid: b10fea7dfaf8b9b448eea8a2d6694772, type: 3}
      propertyPath: m_LocalPosition.y
      value: 0.807
      objectReference: {fileID: 0}
    - target: {fileID: 4661121381842810995, guid: b10fea7dfaf8b9b448eea8a2d6694772, type: 3}
      propertyPath: m_LocalPosition.z
      value: 0.6
      objectReference: {fileID: 0}
    - target: {fileID: 4661121381842810995, guid: b10fea7dfaf8b9b448eea8a2d6694772, type: 3}
      propertyPath: m_LocalRotation.w
      value: 1
      objectReference: {fileID: 0}
    - target: {fileID: 4661121381842810995, guid: b10fea7dfaf8b9b448eea8a2d6694772, type: 3}
      propertyPath: m_LocalRotation.x
      value: -0
      objectReference: {fileID: 0}
    - target: {fileID: 4661121381842810995, guid: b10fea7dfaf8b9b448eea8a2d6694772, type: 3}
      propertyPath: m_LocalRotation.y
      value: -0
      objectReference: {fileID: 0}
    - target: {fileID: 4661121381842810995, guid: b10fea7dfaf8b9b448eea8a2d6694772, type: 3}
      propertyPath: m_LocalRotation.z
      value: -0
      objectReference: {fileID: 0}
    - target: {fileID: 4661121381842810995, guid: b10fea7dfaf8b9b448eea8a2d6694772, type: 3}
      propertyPath: m_LocalEulerAnglesHint.x
      value: 0
      objectReference: {fileID: 0}
    - target: {fileID: 4661121381842810995, guid: b10fea7dfaf8b9b448eea8a2d6694772, type: 3}
      propertyPath: m_LocalEulerAnglesHint.y
      value: 0
      objectReference: {fileID: 0}
    - target: {fileID: 4661121381842810995, guid: b10fea7dfaf8b9b448eea8a2d6694772, type: 3}
      propertyPath: m_LocalEulerAnglesHint.z
      value: 0
      objectReference: {fileID: 0}
    - target: {fileID: 7709228306097344703, guid: b10fea7dfaf8b9b448eea8a2d6694772, type: 3}
      propertyPath: m_Name
      value: FX_prop_upgrade
      objectReference: {fileID: 0}
    - target: {fileID: 9012033979155249435, guid: b10fea7dfaf8b9b448eea8a2d6694772, type: 3}
      propertyPath: EmissionModule.m_Bursts.Array.data[0].countCurve.scalar
      value: 40
      objectReference: {fileID: 0}
    - target: {fileID: 9012033979155249435, guid: b10fea7dfaf8b9b448eea8a2d6694772, type: 3}
      propertyPath: EmissionModule.m_Bursts.Array.data[0].countCurve.minScalar
      value: 30
      objectReference: {fileID: 0}
    m_RemovedComponents: []
  m_SourcePrefab: {fileID: 100100000, guid: b10fea7dfaf8b9b448eea8a2d6694772, type: 3}
--- !u!198 &2337823432898016937 stripped
ParticleSystem:
  m_CorrespondingSourceObject: {fileID: 1725693249711020396, guid: b10fea7dfaf8b9b448eea8a2d6694772, type: 3}
  m_PrefabInstance: {fileID: 4000175965206015941}
  m_PrefabAsset: {fileID: 0}
--- !u!4 &8587480395319023542 stripped
Transform:
  m_CorrespondingSourceObject: {fileID: 4661121381842810995, guid: b10fea7dfaf8b9b448eea8a2d6694772, type: 3}
  m_PrefabInstance: {fileID: 4000175965206015941}
  m_PrefabAsset: {fileID: 0}
