%YAML 1.1
%TAG !u! tag:unity3d.com,2011:
--- !u!1 &612328714560240634
GameObject:
  m_ObjectHideFlags: 0
  m_CorrespondingSourceObject: {fileID: 0}
  m_PrefabInstance: {fileID: 0}
  m_PrefabAsset: {fileID: 0}
  serializedVersion: 6
  m_Component:
  - component: {fileID: 612328714560240633}
  m_Layer: 0
  m_Name: Room1_bathroom_Walls_lvl2
  m_TagString: Untagged
  m_Icon: {fileID: 0}
  m_NavMeshLayer: 0
  m_StaticEditorFlags: 0
  m_IsActive: 1
--- !u!4 &612328714560240633
Transform:
  m_ObjectHideFlags: 0
  m_CorrespondingSourceObject: {fileID: 0}
  m_PrefabInstance: {fileID: 0}
  m_PrefabAsset: {fileID: 0}
  m_GameObject: {fileID: 612328714560240634}
  m_LocalRotation: {x: -0, y: -0, z: -0, w: 1}
  m_LocalPosition: {x: -0.0011844635, y: 0, z: -2.004959}
  m_LocalScale: {x: 1, y: 1, z: 1}
  m_ConstrainProportionsScale: 0
  m_Children:
  - {fileID: 8041014680837184622}
  - {fileID: 8041014680965813707}
  - {fileID: 8041014680749068851}
  - {fileID: 8041014679816628539}
  - {fileID: 4976611170416045069}
  - {fileID: 1513125301392414845}
  - {fileID: 8604566661386385314}
  - {fileID: 6187150313760989911}
  - {fileID: 5354137779496337329}
  - {fileID: 5451757372908906438}
  - {fileID: 1460625836608161399}
  - {fileID: 4424681366743041331}
  - {fileID: 2054758921772600360}
  - {fileID: 4524408664724118510}
  - {fileID: 7498400738283306477}
  - {fileID: 6311389338175112062}
  - {fileID: 79931890546456760}
  - {fileID: 4315135077203285539}
  - {fileID: 1067446571530216242}
  - {fileID: 2041262709190394339}
  - {fileID: 6426179290341402041}
  m_Father: {fileID: 0}
  m_RootOrder: 0
  m_LocalEulerAnglesHint: {x: 0, y: 0, z: 0}
--- !u!1001 &612328713897207320
PrefabInstance:
  m_ObjectHideFlags: 0
  serializedVersion: 2
  m_Modification:
    m_TransformParent: {fileID: 612328714560240633}
    m_Modifications:
    - target: {fileID: 4464880455357365502, guid: 88acc80279aa18c4685aec044b412218, type: 3}
      propertyPath: m_Name
      value: Bathroom_Wall (16)
      objectReference: {fileID: 0}
    - target: {fileID: 7487236060334165795, guid: 88acc80279aa18c4685aec044b412218, type: 3}
      propertyPath: m_RootOrder
      value: 3
      objectReference: {fileID: 0}
    - target: {fileID: 7487236060334165795, guid: 88acc80279aa18c4685aec044b412218, type: 3}
      propertyPath: m_LocalScale.z
      value: 0.60000026
      objectReference: {fileID: 0}
    - target: {fileID: 7487236060334165795, guid: 88acc80279aa18c4685aec044b412218, type: 3}
      propertyPath: m_LocalPosition.x
      value: 7.5257797
      objectReference: {fileID: 0}
    - target: {fileID: 7487236060334165795, guid: 88acc80279aa18c4685aec044b412218, type: 3}
      propertyPath: m_LocalPosition.y
      value: -0.00000166893
      objectReference: {fileID: 0}
    - target: {fileID: 7487236060334165795, guid: 88acc80279aa18c4685aec044b412218, type: 3}
      propertyPath: m_LocalPosition.z
      value: -0.36956215
      objectReference: {fileID: 0}
    - target: {fileID: 7487236060334165795, guid: 88acc80279aa18c4685aec044b412218, type: 3}
      propertyPath: m_LocalRotation.w
      value: 0.7071068
      objectReference: {fileID: 0}
    - target: {fileID: 7487236060334165795, guid: 88acc80279aa18c4685aec044b412218, type: 3}
      propertyPath: m_LocalRotation.x
      value: -0.7071068
      objectReference: {fileID: 0}
    - target: {fileID: 7487236060334165795, guid: 88acc80279aa18c4685aec044b412218, type: 3}
      propertyPath: m_LocalRotation.y
      value: -0
      objectReference: {fileID: 0}
    - target: {fileID: 7487236060334165795, guid: 88acc80279aa18c4685aec044b412218, type: 3}
      propertyPath: m_LocalRotation.z
      value: -0
      objectReference: {fileID: 0}
    - target: {fileID: 7487236060334165795, guid: 88acc80279aa18c4685aec044b412218, type: 3}
      propertyPath: m_LocalEulerAnglesHint.x
      value: -90
      objectReference: {fileID: 0}
    - target: {fileID: 7487236060334165795, guid: 88acc80279aa18c4685aec044b412218, type: 3}
      propertyPath: m_LocalEulerAnglesHint.y
      value: 0
      objectReference: {fileID: 0}
    - target: {fileID: 7487236060334165795, guid: 88acc80279aa18c4685aec044b412218, type: 3}
      propertyPath: m_LocalEulerAnglesHint.z
      value: 0
      objectReference: {fileID: 0}
    m_RemovedComponents: []
  m_SourcePrefab: {fileID: 100100000, guid: 88acc80279aa18c4685aec044b412218, type: 3}
--- !u!4 &8041014679816628539 stripped
Transform:
  m_CorrespondingSourceObject: {fileID: 7487236060334165795, guid: 88acc80279aa18c4685aec044b412218, type: 3}
  m_PrefabInstance: {fileID: 612328713897207320}
  m_PrefabAsset: {fileID: 0}
--- !u!1001 &612328714105609488
PrefabInstance:
  m_ObjectHideFlags: 0
  serializedVersion: 2
  m_Modification:
    m_TransformParent: {fileID: 612328714560240633}
    m_Modifications:
    - target: {fileID: 4464880455357365502, guid: 88acc80279aa18c4685aec044b412218, type: 3}
      propertyPath: m_Name
      value: Bathroom_Wall (15)
      objectReference: {fileID: 0}
    - target: {fileID: 7487236060334165795, guid: 88acc80279aa18c4685aec044b412218, type: 3}
      propertyPath: m_RootOrder
      value: 2
      objectReference: {fileID: 0}
    - target: {fileID: 7487236060334165795, guid: 88acc80279aa18c4685aec044b412218, type: 3}
      propertyPath: m_LocalScale.z
      value: 0.60000026
      objectReference: {fileID: 0}
    - target: {fileID: 7487236060334165795, guid: 88acc80279aa18c4685aec044b412218, type: 3}
      propertyPath: m_LocalPosition.x
      value: 7.525779
      objectReference: {fileID: 0}
    - target: {fileID: 7487236060334165795, guid: 88acc80279aa18c4685aec044b412218, type: 3}
      propertyPath: m_LocalPosition.y
      value: -0.0000014305115
      objectReference: {fileID: 0}
    - target: {fileID: 7487236060334165795, guid: 88acc80279aa18c4685aec044b412218, type: 3}
      propertyPath: m_LocalPosition.z
      value: 0.63095665
      objectReference: {fileID: 0}
    - target: {fileID: 7487236060334165795, guid: 88acc80279aa18c4685aec044b412218, type: 3}
      propertyPath: m_LocalRotation.w
      value: 0.7071068
      objectReference: {fileID: 0}
    - target: {fileID: 7487236060334165795, guid: 88acc80279aa18c4685aec044b412218, type: 3}
      propertyPath: m_LocalRotation.x
      value: -0.7071068
      objectReference: {fileID: 0}
    - target: {fileID: 7487236060334165795, guid: 88acc80279aa18c4685aec044b412218, type: 3}
      propertyPath: m_LocalRotation.y
      value: -0
      objectReference: {fileID: 0}
    - target: {fileID: 7487236060334165795, guid: 88acc80279aa18c4685aec044b412218, type: 3}
      propertyPath: m_LocalRotation.z
      value: -0
      objectReference: {fileID: 0}
    - target: {fileID: 7487236060334165795, guid: 88acc80279aa18c4685aec044b412218, type: 3}
      propertyPath: m_LocalEulerAnglesHint.x
      value: -90
      objectReference: {fileID: 0}
    - target: {fileID: 7487236060334165795, guid: 88acc80279aa18c4685aec044b412218, type: 3}
      propertyPath: m_LocalEulerAnglesHint.y
      value: 0
      objectReference: {fileID: 0}
    - target: {fileID: 7487236060334165795, guid: 88acc80279aa18c4685aec044b412218, type: 3}
      propertyPath: m_LocalEulerAnglesHint.z
      value: 0
      objectReference: {fileID: 0}
    m_RemovedComponents: []
  m_SourcePrefab: {fileID: 100100000, guid: 88acc80279aa18c4685aec044b412218, type: 3}
--- !u!4 &8041014680749068851 stripped
Transform:
  m_CorrespondingSourceObject: {fileID: 7487236060334165795, guid: 88acc80279aa18c4685aec044b412218, type: 3}
  m_PrefabInstance: {fileID: 612328714105609488}
  m_PrefabAsset: {fileID: 0}
--- !u!1001 &612328714895465192
PrefabInstance:
  m_ObjectHideFlags: 0
  serializedVersion: 2
  m_Modification:
    m_TransformParent: {fileID: 612328714560240633}
    m_Modifications:
    - target: {fileID: 4464880455357365502, guid: 88acc80279aa18c4685aec044b412218, type: 3}
      propertyPath: m_Name
      value: Bathroom_Wall (14)
      objectReference: {fileID: 0}
    - target: {fileID: 7487236060334165795, guid: 88acc80279aa18c4685aec044b412218, type: 3}
      propertyPath: m_RootOrder
      value: 1
      objectReference: {fileID: 0}
    - target: {fileID: 7487236060334165795, guid: 88acc80279aa18c4685aec044b412218, type: 3}
      propertyPath: m_LocalScale.z
      value: 0.60000026
      objectReference: {fileID: 0}
    - target: {fileID: 7487236060334165795, guid: 88acc80279aa18c4685aec044b412218, type: 3}
      propertyPath: m_LocalPosition.x
      value: 7.525778
      objectReference: {fileID: 0}
    - target: {fileID: 7487236060334165795, guid: 88acc80279aa18c4685aec044b412218, type: 3}
      propertyPath: m_LocalPosition.y
      value: -0.0000011920929
      objectReference: {fileID: 0}
    - target: {fileID: 7487236060334165795, guid: 88acc80279aa18c4685aec044b412218, type: 3}
      propertyPath: m_LocalPosition.z
      value: 1.6314754
      objectReference: {fileID: 0}
    - target: {fileID: 7487236060334165795, guid: 88acc80279aa18c4685aec044b412218, type: 3}
      propertyPath: m_LocalRotation.w
      value: 0.7071068
      objectReference: {fileID: 0}
    - target: {fileID: 7487236060334165795, guid: 88acc80279aa18c4685aec044b412218, type: 3}
      propertyPath: m_LocalRotation.x
      value: -0.7071068
      objectReference: {fileID: 0}
    - target: {fileID: 7487236060334165795, guid: 88acc80279aa18c4685aec044b412218, type: 3}
      propertyPath: m_LocalRotation.y
      value: -0
      objectReference: {fileID: 0}
    - target: {fileID: 7487236060334165795, guid: 88acc80279aa18c4685aec044b412218, type: 3}
      propertyPath: m_LocalRotation.z
      value: -0
      objectReference: {fileID: 0}
    - target: {fileID: 7487236060334165795, guid: 88acc80279aa18c4685aec044b412218, type: 3}
      propertyPath: m_LocalEulerAnglesHint.x
      value: -90
      objectReference: {fileID: 0}
    - target: {fileID: 7487236060334165795, guid: 88acc80279aa18c4685aec044b412218, type: 3}
      propertyPath: m_LocalEulerAnglesHint.y
      value: 0
      objectReference: {fileID: 0}
    - target: {fileID: 7487236060334165795, guid: 88acc80279aa18c4685aec044b412218, type: 3}
      propertyPath: m_LocalEulerAnglesHint.z
      value: 0
      objectReference: {fileID: 0}
    m_RemovedComponents: []
  m_SourcePrefab: {fileID: 100100000, guid: 88acc80279aa18c4685aec044b412218, type: 3}
--- !u!4 &8041014680965813707 stripped
Transform:
  m_CorrespondingSourceObject: {fileID: 7487236060334165795, guid: 88acc80279aa18c4685aec044b412218, type: 3}
  m_PrefabInstance: {fileID: 612328714895465192}
  m_PrefabAsset: {fileID: 0}
--- !u!1001 &612328715022947149
PrefabInstance:
  m_ObjectHideFlags: 0
  serializedVersion: 2
  m_Modification:
    m_TransformParent: {fileID: 612328714560240633}
    m_Modifications:
    - target: {fileID: 4464880455357365502, guid: 88acc80279aa18c4685aec044b412218, type: 3}
      propertyPath: m_Name
      value: Bathroom_Wall (13)
      objectReference: {fileID: 0}
    - target: {fileID: 7487236060334165795, guid: 88acc80279aa18c4685aec044b412218, type: 3}
      propertyPath: m_RootOrder
      value: 0
      objectReference: {fileID: 0}
    - target: {fileID: 7487236060334165795, guid: 88acc80279aa18c4685aec044b412218, type: 3}
      propertyPath: m_LocalScale.z
      value: 0.60000026
      objectReference: {fileID: 0}
    - target: {fileID: 7487236060334165795, guid: 88acc80279aa18c4685aec044b412218, type: 3}
      propertyPath: m_LocalPosition.x
      value: 7.525777
      objectReference: {fileID: 0}
    - target: {fileID: 7487236060334165795, guid: 88acc80279aa18c4685aec044b412218, type: 3}
      propertyPath: m_LocalPosition.y
      value: -0.0000009536743
      objectReference: {fileID: 0}
    - target: {fileID: 7487236060334165795, guid: 88acc80279aa18c4685aec044b412218, type: 3}
      propertyPath: m_LocalPosition.z
      value: 2.6319942
      objectReference: {fileID: 0}
    - target: {fileID: 7487236060334165795, guid: 88acc80279aa18c4685aec044b412218, type: 3}
      propertyPath: m_LocalRotation.w
      value: 0.7071068
      objectReference: {fileID: 0}
    - target: {fileID: 7487236060334165795, guid: 88acc80279aa18c4685aec044b412218, type: 3}
      propertyPath: m_LocalRotation.x
      value: -0.7071068
      objectReference: {fileID: 0}
    - target: {fileID: 7487236060334165795, guid: 88acc80279aa18c4685aec044b412218, type: 3}
      propertyPath: m_LocalRotation.y
      value: -0
      objectReference: {fileID: 0}
    - target: {fileID: 7487236060334165795, guid: 88acc80279aa18c4685aec044b412218, type: 3}
      propertyPath: m_LocalRotation.z
      value: -0
      objectReference: {fileID: 0}
    - target: {fileID: 7487236060334165795, guid: 88acc80279aa18c4685aec044b412218, type: 3}
      propertyPath: m_LocalEulerAnglesHint.x
      value: -90
      objectReference: {fileID: 0}
    - target: {fileID: 7487236060334165795, guid: 88acc80279aa18c4685aec044b412218, type: 3}
      propertyPath: m_LocalEulerAnglesHint.y
      value: 0
      objectReference: {fileID: 0}
    - target: {fileID: 7487236060334165795, guid: 88acc80279aa18c4685aec044b412218, type: 3}
      propertyPath: m_LocalEulerAnglesHint.z
      value: 0
      objectReference: {fileID: 0}
    m_RemovedComponents: []
  m_SourcePrefab: {fileID: 100100000, guid: 88acc80279aa18c4685aec044b412218, type: 3}
--- !u!4 &8041014680837184622 stripped
Transform:
  m_CorrespondingSourceObject: {fileID: 7487236060334165795, guid: 88acc80279aa18c4685aec044b412218, type: 3}
  m_PrefabInstance: {fileID: 612328715022947149}
  m_PrefabAsset: {fileID: 0}
--- !u!1001 &1189388239034398849
PrefabInstance:
  m_ObjectHideFlags: 0
  serializedVersion: 2
  m_Modification:
    m_TransformParent: {fileID: 612328714560240633}
    m_Modifications:
    - target: {fileID: 4464880455357365502, guid: 88acc80279aa18c4685aec044b412218, type: 3}
      propertyPath: m_Name
      value: Bathroom_Wall (22)
      objectReference: {fileID: 0}
    - target: {fileID: 7487236060334165795, guid: 88acc80279aa18c4685aec044b412218, type: 3}
      propertyPath: m_RootOrder
      value: 6
      objectReference: {fileID: 0}
    - target: {fileID: 7487236060334165795, guid: 88acc80279aa18c4685aec044b412218, type: 3}
      propertyPath: m_LocalScale.z
      value: 0.6000003
      objectReference: {fileID: 0}
    - target: {fileID: 7487236060334165795, guid: 88acc80279aa18c4685aec044b412218, type: 3}
      propertyPath: m_LocalPosition.x
      value: -2.2297373
      objectReference: {fileID: 0}
    - target: {fileID: 7487236060334165795, guid: 88acc80279aa18c4685aec044b412218, type: 3}
      propertyPath: m_LocalPosition.y
      value: 0.00000047683716
      objectReference: {fileID: 0}
    - target: {fileID: 7487236060334165795, guid: 88acc80279aa18c4685aec044b412218, type: 3}
      propertyPath: m_LocalPosition.z
      value: 6.38381
      objectReference: {fileID: 0}
    - target: {fileID: 7487236060334165795, guid: 88acc80279aa18c4685aec044b412218, type: 3}
      propertyPath: m_LocalRotation.w
      value: -0.5
      objectReference: {fileID: 0}
    - target: {fileID: 7487236060334165795, guid: 88acc80279aa18c4685aec044b412218, type: 3}
      propertyPath: m_LocalRotation.x
      value: 0.5
      objectReference: {fileID: 0}
    - target: {fileID: 7487236060334165795, guid: 88acc80279aa18c4685aec044b412218, type: 3}
      propertyPath: m_LocalRotation.y
      value: 0.5
      objectReference: {fileID: 0}
    - target: {fileID: 7487236060334165795, guid: 88acc80279aa18c4685aec044b412218, type: 3}
      propertyPath: m_LocalRotation.z
      value: 0.5
      objectReference: {fileID: 0}
    - target: {fileID: 7487236060334165795, guid: 88acc80279aa18c4685aec044b412218, type: 3}
      propertyPath: m_LocalEulerAnglesHint.x
      value: -90
      objectReference: {fileID: 0}
    - target: {fileID: 7487236060334165795, guid: 88acc80279aa18c4685aec044b412218, type: 3}
      propertyPath: m_LocalEulerAnglesHint.y
      value: 0
      objectReference: {fileID: 0}
    - target: {fileID: 7487236060334165795, guid: 88acc80279aa18c4685aec044b412218, type: 3}
      propertyPath: m_LocalEulerAnglesHint.z
      value: 270
      objectReference: {fileID: 0}
    m_RemovedComponents: []
  m_SourcePrefab: {fileID: 100100000, guid: 88acc80279aa18c4685aec044b412218, type: 3}
--- !u!4 &8604566661386385314 stripped
Transform:
  m_CorrespondingSourceObject: {fileID: 7487236060334165795, guid: 88acc80279aa18c4685aec044b412218, type: 3}
  m_PrefabInstance: {fileID: 1189388239034398849}
  m_PrefabAsset: {fileID: 0}
--- !u!1001 &3188700222350731493
PrefabInstance:
  m_ObjectHideFlags: 0
  serializedVersion: 2
  m_Modification:
    m_TransformParent: {fileID: 612328714560240633}
    m_Modifications:
    - target: {fileID: 4464880455357365502, guid: 88acc80279aa18c4685aec044b412218, type: 3}
      propertyPath: m_Name
      value: Bathroom_Wall (25)
      objectReference: {fileID: 0}
    - target: {fileID: 7487236060334165795, guid: 88acc80279aa18c4685aec044b412218, type: 3}
      propertyPath: m_RootOrder
      value: 9
      objectReference: {fileID: 0}
    - target: {fileID: 7487236060334165795, guid: 88acc80279aa18c4685aec044b412218, type: 3}
      propertyPath: m_LocalScale.z
      value: 0.6000003
      objectReference: {fileID: 0}
    - target: {fileID: 7487236060334165795, guid: 88acc80279aa18c4685aec044b412218, type: 3}
      propertyPath: m_LocalPosition.x
      value: 0.7718191
      objectReference: {fileID: 0}
    - target: {fileID: 7487236060334165795, guid: 88acc80279aa18c4685aec044b412218, type: 3}
      propertyPath: m_LocalPosition.y
      value: 0.00000047683716
      objectReference: {fileID: 0}
    - target: {fileID: 7487236060334165795, guid: 88acc80279aa18c4685aec044b412218, type: 3}
      propertyPath: m_LocalPosition.z
      value: 6.38381
      objectReference: {fileID: 0}
    - target: {fileID: 7487236060334165795, guid: 88acc80279aa18c4685aec044b412218, type: 3}
      propertyPath: m_LocalRotation.w
      value: -0.5
      objectReference: {fileID: 0}
    - target: {fileID: 7487236060334165795, guid: 88acc80279aa18c4685aec044b412218, type: 3}
      propertyPath: m_LocalRotation.x
      value: 0.5
      objectReference: {fileID: 0}
    - target: {fileID: 7487236060334165795, guid: 88acc80279aa18c4685aec044b412218, type: 3}
      propertyPath: m_LocalRotation.y
      value: 0.5
      objectReference: {fileID: 0}
    - target: {fileID: 7487236060334165795, guid: 88acc80279aa18c4685aec044b412218, type: 3}
      propertyPath: m_LocalRotation.z
      value: 0.5
      objectReference: {fileID: 0}
    - target: {fileID: 7487236060334165795, guid: 88acc80279aa18c4685aec044b412218, type: 3}
      propertyPath: m_LocalEulerAnglesHint.x
      value: -90
      objectReference: {fileID: 0}
    - target: {fileID: 7487236060334165795, guid: 88acc80279aa18c4685aec044b412218, type: 3}
      propertyPath: m_LocalEulerAnglesHint.y
      value: 0
      objectReference: {fileID: 0}
    - target: {fileID: 7487236060334165795, guid: 88acc80279aa18c4685aec044b412218, type: 3}
      propertyPath: m_LocalEulerAnglesHint.z
      value: 270
      objectReference: {fileID: 0}
    m_RemovedComponents: []
  m_SourcePrefab: {fileID: 100100000, guid: 88acc80279aa18c4685aec044b412218, type: 3}
--- !u!4 &5451757372908906438 stripped
Transform:
  m_CorrespondingSourceObject: {fileID: 7487236060334165795, guid: 88acc80279aa18c4685aec044b412218, type: 3}
  m_PrefabInstance: {fileID: 3188700222350731493}
  m_PrefabAsset: {fileID: 0}
--- !u!1001 &3289235722746605714
PrefabInstance:
  m_ObjectHideFlags: 0
  serializedVersion: 2
  m_Modification:
    m_TransformParent: {fileID: 612328714560240633}
    m_Modifications:
    - target: {fileID: 4464880455357365502, guid: 88acc80279aa18c4685aec044b412218, type: 3}
      propertyPath: m_Name
      value: Bathroom_Wall (24)
      objectReference: {fileID: 0}
    - target: {fileID: 7487236060334165795, guid: 88acc80279aa18c4685aec044b412218, type: 3}
      propertyPath: m_RootOrder
      value: 8
      objectReference: {fileID: 0}
    - target: {fileID: 7487236060334165795, guid: 88acc80279aa18c4685aec044b412218, type: 3}
      propertyPath: m_LocalScale.z
      value: 0.6000003
      objectReference: {fileID: 0}
    - target: {fileID: 7487236060334165795, guid: 88acc80279aa18c4685aec044b412218, type: 3}
      propertyPath: m_LocalPosition.x
      value: -0.22869992
      objectReference: {fileID: 0}
    - target: {fileID: 7487236060334165795, guid: 88acc80279aa18c4685aec044b412218, type: 3}
      propertyPath: m_LocalPosition.y
      value: 0.00000047683716
      objectReference: {fileID: 0}
    - target: {fileID: 7487236060334165795, guid: 88acc80279aa18c4685aec044b412218, type: 3}
      propertyPath: m_LocalPosition.z
      value: 6.38381
      objectReference: {fileID: 0}
    - target: {fileID: 7487236060334165795, guid: 88acc80279aa18c4685aec044b412218, type: 3}
      propertyPath: m_LocalRotation.w
      value: -0.5
      objectReference: {fileID: 0}
    - target: {fileID: 7487236060334165795, guid: 88acc80279aa18c4685aec044b412218, type: 3}
      propertyPath: m_LocalRotation.x
      value: 0.5
      objectReference: {fileID: 0}
    - target: {fileID: 7487236060334165795, guid: 88acc80279aa18c4685aec044b412218, type: 3}
      propertyPath: m_LocalRotation.y
      value: 0.5
      objectReference: {fileID: 0}
    - target: {fileID: 7487236060334165795, guid: 88acc80279aa18c4685aec044b412218, type: 3}
      propertyPath: m_LocalRotation.z
      value: 0.5
      objectReference: {fileID: 0}
    - target: {fileID: 7487236060334165795, guid: 88acc80279aa18c4685aec044b412218, type: 3}
      propertyPath: m_LocalEulerAnglesHint.x
      value: -90
      objectReference: {fileID: 0}
    - target: {fileID: 7487236060334165795, guid: 88acc80279aa18c4685aec044b412218, type: 3}
      propertyPath: m_LocalEulerAnglesHint.y
      value: 0
      objectReference: {fileID: 0}
    - target: {fileID: 7487236060334165795, guid: 88acc80279aa18c4685aec044b412218, type: 3}
      propertyPath: m_LocalEulerAnglesHint.z
      value: 270
      objectReference: {fileID: 0}
    m_RemovedComponents: []
  m_SourcePrefab: {fileID: 100100000, guid: 88acc80279aa18c4685aec044b412218, type: 3}
--- !u!4 &5354137779496337329 stripped
Transform:
  m_CorrespondingSourceObject: {fileID: 7487236060334165795, guid: 88acc80279aa18c4685aec044b412218, type: 3}
  m_PrefabInstance: {fileID: 3289235722746605714}
  m_PrefabAsset: {fileID: 0}
--- !u!1001 &3331126929974138284
PrefabInstance:
  m_ObjectHideFlags: 0
  serializedVersion: 2
  m_Modification:
    m_TransformParent: {fileID: 612328714560240633}
    m_Modifications:
    - target: {fileID: 1574283180815352719, guid: 65fa5693894bb6e48bedd2c3e04daf82, type: 3}
      propertyPath: m_RootOrder
      value: 17
      objectReference: {fileID: 0}
    - target: {fileID: 1574283180815352719, guid: 65fa5693894bb6e48bedd2c3e04daf82, type: 3}
      propertyPath: m_LocalScale.y
      value: 0.60000026
      objectReference: {fileID: 0}
    - target: {fileID: 1574283180815352719, guid: 65fa5693894bb6e48bedd2c3e04daf82, type: 3}
      propertyPath: m_LocalPosition.x
      value: 7.5879345
      objectReference: {fileID: 0}
    - target: {fileID: 1574283180815352719, guid: 65fa5693894bb6e48bedd2c3e04daf82, type: 3}
      propertyPath: m_LocalPosition.y
      value: 0.46584415
      objectReference: {fileID: 0}
    - target: {fileID: 1574283180815352719, guid: 65fa5693894bb6e48bedd2c3e04daf82, type: 3}
      propertyPath: m_LocalPosition.z
      value: -1.0573273
      objectReference: {fileID: 0}
    - target: {fileID: 1574283180815352719, guid: 65fa5693894bb6e48bedd2c3e04daf82, type: 3}
      propertyPath: m_LocalRotation.w
      value: -0.7071068
      objectReference: {fileID: 0}
    - target: {fileID: 1574283180815352719, guid: 65fa5693894bb6e48bedd2c3e04daf82, type: 3}
      propertyPath: m_LocalRotation.x
      value: 0
      objectReference: {fileID: 0}
    - target: {fileID: 1574283180815352719, guid: 65fa5693894bb6e48bedd2c3e04daf82, type: 3}
      propertyPath: m_LocalRotation.y
      value: 0.7071068
      objectReference: {fileID: 0}
    - target: {fileID: 1574283180815352719, guid: 65fa5693894bb6e48bedd2c3e04daf82, type: 3}
      propertyPath: m_LocalRotation.z
      value: -0
      objectReference: {fileID: 0}
    - target: {fileID: 1574283180815352719, guid: 65fa5693894bb6e48bedd2c3e04daf82, type: 3}
      propertyPath: m_LocalEulerAnglesHint.x
      value: 0
      objectReference: {fileID: 0}
    - target: {fileID: 1574283180815352719, guid: 65fa5693894bb6e48bedd2c3e04daf82, type: 3}
      propertyPath: m_LocalEulerAnglesHint.y
      value: 270
      objectReference: {fileID: 0}
    - target: {fileID: 1574283180815352719, guid: 65fa5693894bb6e48bedd2c3e04daf82, type: 3}
      propertyPath: m_LocalEulerAnglesHint.z
      value: 0
      objectReference: {fileID: 0}
    - target: {fileID: 7325642185878991516, guid: 65fa5693894bb6e48bedd2c3e04daf82, type: 3}
      propertyPath: m_Name
      value: WC_Wall_Column_A_1 (4)
      objectReference: {fileID: 0}
    m_RemovedComponents: []
  m_SourcePrefab: {fileID: 100100000, guid: 65fa5693894bb6e48bedd2c3e04daf82, type: 3}
--- !u!4 &4315135077203285539 stripped
Transform:
  m_CorrespondingSourceObject: {fileID: 1574283180815352719, guid: 65fa5693894bb6e48bedd2c3e04daf82, type: 3}
  m_PrefabInstance: {fileID: 3331126929974138284}
  m_PrefabAsset: {fileID: 0}
--- !u!1001 &3494387242765061213
PrefabInstance:
  m_ObjectHideFlags: 0
  serializedVersion: 2
  m_Modification:
    m_TransformParent: {fileID: 612328714560240633}
    m_Modifications:
    - target: {fileID: 4464880455357365502, guid: 88acc80279aa18c4685aec044b412218, type: 3}
      propertyPath: m_Name
      value: Bathroom_Wall (30)
      objectReference: {fileID: 0}
    - target: {fileID: 7487236060334165795, guid: 88acc80279aa18c4685aec044b412218, type: 3}
      propertyPath: m_RootOrder
      value: 15
      objectReference: {fileID: 0}
    - target: {fileID: 7487236060334165795, guid: 88acc80279aa18c4685aec044b412218, type: 3}
      propertyPath: m_LocalScale.z
      value: 0.6000003
      objectReference: {fileID: 0}
    - target: {fileID: 7487236060334165795, guid: 88acc80279aa18c4685aec044b412218, type: 3}
      propertyPath: m_LocalPosition.x
      value: 5.775667
      objectReference: {fileID: 0}
    - target: {fileID: 7487236060334165795, guid: 88acc80279aa18c4685aec044b412218, type: 3}
      propertyPath: m_LocalPosition.y
      value: 0.00000047683716
      objectReference: {fileID: 0}
    - target: {fileID: 7487236060334165795, guid: 88acc80279aa18c4685aec044b412218, type: 3}
      propertyPath: m_LocalPosition.z
      value: 6.383808
      objectReference: {fileID: 0}
    - target: {fileID: 7487236060334165795, guid: 88acc80279aa18c4685aec044b412218, type: 3}
      propertyPath: m_LocalRotation.w
      value: -0.5
      objectReference: {fileID: 0}
    - target: {fileID: 7487236060334165795, guid: 88acc80279aa18c4685aec044b412218, type: 3}
      propertyPath: m_LocalRotation.x
      value: 0.5
      objectReference: {fileID: 0}
    - target: {fileID: 7487236060334165795, guid: 88acc80279aa18c4685aec044b412218, type: 3}
      propertyPath: m_LocalRotation.y
      value: 0.5
      objectReference: {fileID: 0}
    - target: {fileID: 7487236060334165795, guid: 88acc80279aa18c4685aec044b412218, type: 3}
      propertyPath: m_LocalRotation.z
      value: 0.5
      objectReference: {fileID: 0}
    - target: {fileID: 7487236060334165795, guid: 88acc80279aa18c4685aec044b412218, type: 3}
      propertyPath: m_LocalEulerAnglesHint.x
      value: -90
      objectReference: {fileID: 0}
    - target: {fileID: 7487236060334165795, guid: 88acc80279aa18c4685aec044b412218, type: 3}
      propertyPath: m_LocalEulerAnglesHint.y
      value: 0
      objectReference: {fileID: 0}
    - target: {fileID: 7487236060334165795, guid: 88acc80279aa18c4685aec044b412218, type: 3}
      propertyPath: m_LocalEulerAnglesHint.z
      value: 270
      objectReference: {fileID: 0}
    m_RemovedComponents: []
  m_SourcePrefab: {fileID: 100100000, guid: 88acc80279aa18c4685aec044b412218, type: 3}
--- !u!4 &6311389338175112062 stripped
Transform:
  m_CorrespondingSourceObject: {fileID: 7487236060334165795, guid: 88acc80279aa18c4685aec044b412218, type: 3}
  m_PrefabInstance: {fileID: 3494387242765061213}
  m_PrefabAsset: {fileID: 0}
--- !u!1001 &3617848362769657332
PrefabInstance:
  m_ObjectHideFlags: 0
  serializedVersion: 2
  m_Modification:
    m_TransformParent: {fileID: 612328714560240633}
    m_Modifications:
    - target: {fileID: 4464880455357365502, guid: 88acc80279aa18c4685aec044b412218, type: 3}
      propertyPath: m_Name
      value: Bathroom_Wall (23)
      objectReference: {fileID: 0}
    - target: {fileID: 7487236060334165795, guid: 88acc80279aa18c4685aec044b412218, type: 3}
      propertyPath: m_RootOrder
      value: 7
      objectReference: {fileID: 0}
    - target: {fileID: 7487236060334165795, guid: 88acc80279aa18c4685aec044b412218, type: 3}
      propertyPath: m_LocalScale.z
      value: 0.6000003
      objectReference: {fileID: 0}
    - target: {fileID: 7487236060334165795, guid: 88acc80279aa18c4685aec044b412218, type: 3}
      propertyPath: m_LocalPosition.x
      value: -1.2292186
      objectReference: {fileID: 0}
    - target: {fileID: 7487236060334165795, guid: 88acc80279aa18c4685aec044b412218, type: 3}
      propertyPath: m_LocalPosition.y
      value: 0.00000047683716
      objectReference: {fileID: 0}
    - target: {fileID: 7487236060334165795, guid: 88acc80279aa18c4685aec044b412218, type: 3}
      propertyPath: m_LocalPosition.z
      value: 6.38381
      objectReference: {fileID: 0}
    - target: {fileID: 7487236060334165795, guid: 88acc80279aa18c4685aec044b412218, type: 3}
      propertyPath: m_LocalRotation.w
      value: -0.5
      objectReference: {fileID: 0}
    - target: {fileID: 7487236060334165795, guid: 88acc80279aa18c4685aec044b412218, type: 3}
      propertyPath: m_LocalRotation.x
      value: 0.5
      objectReference: {fileID: 0}
    - target: {fileID: 7487236060334165795, guid: 88acc80279aa18c4685aec044b412218, type: 3}
      propertyPath: m_LocalRotation.y
      value: 0.5
      objectReference: {fileID: 0}
    - target: {fileID: 7487236060334165795, guid: 88acc80279aa18c4685aec044b412218, type: 3}
      propertyPath: m_LocalRotation.z
      value: 0.5
      objectReference: {fileID: 0}
    - target: {fileID: 7487236060334165795, guid: 88acc80279aa18c4685aec044b412218, type: 3}
      propertyPath: m_LocalEulerAnglesHint.x
      value: -90
      objectReference: {fileID: 0}
    - target: {fileID: 7487236060334165795, guid: 88acc80279aa18c4685aec044b412218, type: 3}
      propertyPath: m_LocalEulerAnglesHint.y
      value: 0
      objectReference: {fileID: 0}
    - target: {fileID: 7487236060334165795, guid: 88acc80279aa18c4685aec044b412218, type: 3}
      propertyPath: m_LocalEulerAnglesHint.z
      value: 270
      objectReference: {fileID: 0}
    m_RemovedComponents: []
  m_SourcePrefab: {fileID: 100100000, guid: 88acc80279aa18c4685aec044b412218, type: 3}
--- !u!4 &6187150313760989911 stripped
Transform:
  m_CorrespondingSourceObject: {fileID: 7487236060334165795, guid: 88acc80279aa18c4685aec044b412218, type: 3}
  m_PrefabInstance: {fileID: 3617848362769657332}
  m_PrefabAsset: {fileID: 0}
--- !u!1001 &4523410093063269018
PrefabInstance:
  m_ObjectHideFlags: 0
  serializedVersion: 2
  m_Modification:
    m_TransformParent: {fileID: 612328714560240633}
    m_Modifications:
    - target: {fileID: 4464880455357365502, guid: 88acc80279aa18c4685aec044b412218, type: 3}
      propertyPath: m_Name
      value: Bathroom_Wall (32)
      objectReference: {fileID: 0}
    - target: {fileID: 7487236060334165795, guid: 88acc80279aa18c4685aec044b412218, type: 3}
      propertyPath: m_RootOrder
      value: 20
      objectReference: {fileID: 0}
    - target: {fileID: 7487236060334165795, guid: 88acc80279aa18c4685aec044b412218, type: 3}
      propertyPath: m_LocalScale.z
      value: 0.60000026
      objectReference: {fileID: 0}
    - target: {fileID: 7487236060334165795, guid: 88acc80279aa18c4685aec044b412218, type: 3}
      propertyPath: m_LocalPosition.x
      value: 7.525774
      objectReference: {fileID: 0}
    - target: {fileID: 7487236060334165795, guid: 88acc80279aa18c4685aec044b412218, type: 3}
      propertyPath: m_LocalPosition.y
      value: -0.00000023841858
      objectReference: {fileID: 0}
    - target: {fileID: 7487236060334165795, guid: 88acc80279aa18c4685aec044b412218, type: 3}
      propertyPath: m_LocalPosition.z
      value: 5.6335506
      objectReference: {fileID: 0}
    - target: {fileID: 7487236060334165795, guid: 88acc80279aa18c4685aec044b412218, type: 3}
      propertyPath: m_LocalRotation.w
      value: 0.7071068
      objectReference: {fileID: 0}
    - target: {fileID: 7487236060334165795, guid: 88acc80279aa18c4685aec044b412218, type: 3}
      propertyPath: m_LocalRotation.x
      value: -0.7071068
      objectReference: {fileID: 0}
    - target: {fileID: 7487236060334165795, guid: 88acc80279aa18c4685aec044b412218, type: 3}
      propertyPath: m_LocalRotation.y
      value: -0
      objectReference: {fileID: 0}
    - target: {fileID: 7487236060334165795, guid: 88acc80279aa18c4685aec044b412218, type: 3}
      propertyPath: m_LocalRotation.z
      value: -0
      objectReference: {fileID: 0}
    - target: {fileID: 7487236060334165795, guid: 88acc80279aa18c4685aec044b412218, type: 3}
      propertyPath: m_LocalEulerAnglesHint.x
      value: -90
      objectReference: {fileID: 0}
    - target: {fileID: 7487236060334165795, guid: 88acc80279aa18c4685aec044b412218, type: 3}
      propertyPath: m_LocalEulerAnglesHint.y
      value: 0
      objectReference: {fileID: 0}
    - target: {fileID: 7487236060334165795, guid: 88acc80279aa18c4685aec044b412218, type: 3}
      propertyPath: m_LocalEulerAnglesHint.z
      value: 0
      objectReference: {fileID: 0}
    m_RemovedComponents: []
  m_SourcePrefab: {fileID: 100100000, guid: 88acc80279aa18c4685aec044b412218, type: 3}
--- !u!4 &6426179290341402041 stripped
Transform:
  m_CorrespondingSourceObject: {fileID: 7487236060334165795, guid: 88acc80279aa18c4685aec044b412218, type: 3}
  m_PrefabInstance: {fileID: 4523410093063269018}
  m_PrefabAsset: {fileID: 0}
--- !u!1001 &5821046864941461378
PrefabInstance:
  m_ObjectHideFlags: 0
  serializedVersion: 2
  m_Modification:
    m_TransformParent: {fileID: 612328714560240633}
    m_Modifications:
    - target: {fileID: 1574283180815352719, guid: 65fa5693894bb6e48bedd2c3e04daf82, type: 3}
      propertyPath: m_RootOrder
      value: 4
      objectReference: {fileID: 0}
    - target: {fileID: 1574283180815352719, guid: 65fa5693894bb6e48bedd2c3e04daf82, type: 3}
      propertyPath: m_LocalScale.y
      value: 0.60000026
      objectReference: {fileID: 0}
    - target: {fileID: 1574283180815352719, guid: 65fa5693894bb6e48bedd2c3e04daf82, type: 3}
      propertyPath: m_LocalPosition.x
      value: -4.043002
      objectReference: {fileID: 0}
    - target: {fileID: 1574283180815352719, guid: 65fa5693894bb6e48bedd2c3e04daf82, type: 3}
      propertyPath: m_LocalPosition.y
      value: 0.46584678
      objectReference: {fileID: 0}
    - target: {fileID: 1574283180815352719, guid: 65fa5693894bb6e48bedd2c3e04daf82, type: 3}
      propertyPath: m_LocalPosition.z
      value: 6.4466457
      objectReference: {fileID: 0}
    - target: {fileID: 1574283180815352719, guid: 65fa5693894bb6e48bedd2c3e04daf82, type: 3}
      propertyPath: m_LocalRotation.w
      value: 0
      objectReference: {fileID: 0}
    - target: {fileID: 1574283180815352719, guid: 65fa5693894bb6e48bedd2c3e04daf82, type: 3}
      propertyPath: m_LocalRotation.x
      value: -0
      objectReference: {fileID: 0}
    - target: {fileID: 1574283180815352719, guid: 65fa5693894bb6e48bedd2c3e04daf82, type: 3}
      propertyPath: m_LocalRotation.y
      value: 1
      objectReference: {fileID: 0}
    - target: {fileID: 1574283180815352719, guid: 65fa5693894bb6e48bedd2c3e04daf82, type: 3}
      propertyPath: m_LocalRotation.z
      value: -0
      objectReference: {fileID: 0}
    - target: {fileID: 1574283180815352719, guid: 65fa5693894bb6e48bedd2c3e04daf82, type: 3}
      propertyPath: m_LocalEulerAnglesHint.x
      value: 0
      objectReference: {fileID: 0}
    - target: {fileID: 1574283180815352719, guid: 65fa5693894bb6e48bedd2c3e04daf82, type: 3}
      propertyPath: m_LocalEulerAnglesHint.y
      value: 180
      objectReference: {fileID: 0}
    - target: {fileID: 1574283180815352719, guid: 65fa5693894bb6e48bedd2c3e04daf82, type: 3}
      propertyPath: m_LocalEulerAnglesHint.z
      value: 0
      objectReference: {fileID: 0}
    - target: {fileID: 7325642185878991516, guid: 65fa5693894bb6e48bedd2c3e04daf82, type: 3}
      propertyPath: m_Name
      value: WC_Wall_Column_A_1 (3)
      objectReference: {fileID: 0}
    m_RemovedComponents: []
  m_SourcePrefab: {fileID: 100100000, guid: 65fa5693894bb6e48bedd2c3e04daf82, type: 3}
--- !u!4 &4976611170416045069 stripped
Transform:
  m_CorrespondingSourceObject: {fileID: 1574283180815352719, guid: 65fa5693894bb6e48bedd2c3e04daf82, type: 3}
  m_PrefabInstance: {fileID: 5821046864941461378}
  m_PrefabAsset: {fileID: 0}
--- !u!1001 &6422674245551264973
PrefabInstance:
  m_ObjectHideFlags: 0
  serializedVersion: 2
  m_Modification:
    m_TransformParent: {fileID: 612328714560240633}
    m_Modifications:
    - target: {fileID: 4464880455357365502, guid: 88acc80279aa18c4685aec044b412218, type: 3}
      propertyPath: m_Name
      value: Bathroom_Wall (29)
      objectReference: {fileID: 0}
    - target: {fileID: 7487236060334165795, guid: 88acc80279aa18c4685aec044b412218, type: 3}
      propertyPath: m_RootOrder
      value: 13
      objectReference: {fileID: 0}
    - target: {fileID: 7487236060334165795, guid: 88acc80279aa18c4685aec044b412218, type: 3}
      propertyPath: m_LocalScale.z
      value: 0.6000003
      objectReference: {fileID: 0}
    - target: {fileID: 7487236060334165795, guid: 88acc80279aa18c4685aec044b412218, type: 3}
      propertyPath: m_LocalPosition.x
      value: 4.7751493
      objectReference: {fileID: 0}
    - target: {fileID: 7487236060334165795, guid: 88acc80279aa18c4685aec044b412218, type: 3}
      propertyPath: m_LocalPosition.y
      value: 0.00000047683716
      objectReference: {fileID: 0}
    - target: {fileID: 7487236060334165795, guid: 88acc80279aa18c4685aec044b412218, type: 3}
      propertyPath: m_LocalPosition.z
      value: 6.383808
      objectReference: {fileID: 0}
    - target: {fileID: 7487236060334165795, guid: 88acc80279aa18c4685aec044b412218, type: 3}
      propertyPath: m_LocalRotation.w
      value: -0.5
      objectReference: {fileID: 0}
    - target: {fileID: 7487236060334165795, guid: 88acc80279aa18c4685aec044b412218, type: 3}
      propertyPath: m_LocalRotation.x
      value: 0.5
      objectReference: {fileID: 0}
    - target: {fileID: 7487236060334165795, guid: 88acc80279aa18c4685aec044b412218, type: 3}
      propertyPath: m_LocalRotation.y
      value: 0.5
      objectReference: {fileID: 0}
    - target: {fileID: 7487236060334165795, guid: 88acc80279aa18c4685aec044b412218, type: 3}
      propertyPath: m_LocalRotation.z
      value: 0.5
      objectReference: {fileID: 0}
    - target: {fileID: 7487236060334165795, guid: 88acc80279aa18c4685aec044b412218, type: 3}
      propertyPath: m_LocalEulerAnglesHint.x
      value: -90
      objectReference: {fileID: 0}
    - target: {fileID: 7487236060334165795, guid: 88acc80279aa18c4685aec044b412218, type: 3}
      propertyPath: m_LocalEulerAnglesHint.y
      value: 0
      objectReference: {fileID: 0}
    - target: {fileID: 7487236060334165795, guid: 88acc80279aa18c4685aec044b412218, type: 3}
      propertyPath: m_LocalEulerAnglesHint.z
      value: 270
      objectReference: {fileID: 0}
    m_RemovedComponents: []
  m_SourcePrefab: {fileID: 100100000, guid: 88acc80279aa18c4685aec044b412218, type: 3}
--- !u!4 &4524408664724118510 stripped
Transform:
  m_CorrespondingSourceObject: {fileID: 7487236060334165795, guid: 88acc80279aa18c4685aec044b412218, type: 3}
  m_PrefabInstance: {fileID: 6422674245551264973}
  m_PrefabAsset: {fileID: 0}
--- !u!1001 &6525612254857316880
PrefabInstance:
  m_ObjectHideFlags: 0
  serializedVersion: 2
  m_Modification:
    m_TransformParent: {fileID: 612328714560240633}
    m_Modifications:
    - target: {fileID: 4464880455357365502, guid: 88acc80279aa18c4685aec044b412218, type: 3}
      propertyPath: m_Name
      value: Bathroom_Wall (27)
      objectReference: {fileID: 0}
    - target: {fileID: 7487236060334165795, guid: 88acc80279aa18c4685aec044b412218, type: 3}
      propertyPath: m_RootOrder
      value: 11
      objectReference: {fileID: 0}
    - target: {fileID: 7487236060334165795, guid: 88acc80279aa18c4685aec044b412218, type: 3}
      propertyPath: m_LocalScale.z
      value: 0.6000003
      objectReference: {fileID: 0}
    - target: {fileID: 7487236060334165795, guid: 88acc80279aa18c4685aec044b412218, type: 3}
      propertyPath: m_LocalPosition.x
      value: 2.774113
      objectReference: {fileID: 0}
    - target: {fileID: 7487236060334165795, guid: 88acc80279aa18c4685aec044b412218, type: 3}
      propertyPath: m_LocalPosition.y
      value: 0.00000047683716
      objectReference: {fileID: 0}
    - target: {fileID: 7487236060334165795, guid: 88acc80279aa18c4685aec044b412218, type: 3}
      propertyPath: m_LocalPosition.z
      value: 6.383808
      objectReference: {fileID: 0}
    - target: {fileID: 7487236060334165795, guid: 88acc80279aa18c4685aec044b412218, type: 3}
      propertyPath: m_LocalRotation.w
      value: -0.5
      objectReference: {fileID: 0}
    - target: {fileID: 7487236060334165795, guid: 88acc80279aa18c4685aec044b412218, type: 3}
      propertyPath: m_LocalRotation.x
      value: 0.5
      objectReference: {fileID: 0}
    - target: {fileID: 7487236060334165795, guid: 88acc80279aa18c4685aec044b412218, type: 3}
      propertyPath: m_LocalRotation.y
      value: 0.5
      objectReference: {fileID: 0}
    - target: {fileID: 7487236060334165795, guid: 88acc80279aa18c4685aec044b412218, type: 3}
      propertyPath: m_LocalRotation.z
      value: 0.5
      objectReference: {fileID: 0}
    - target: {fileID: 7487236060334165795, guid: 88acc80279aa18c4685aec044b412218, type: 3}
      propertyPath: m_LocalEulerAnglesHint.x
      value: -90
      objectReference: {fileID: 0}
    - target: {fileID: 7487236060334165795, guid: 88acc80279aa18c4685aec044b412218, type: 3}
      propertyPath: m_LocalEulerAnglesHint.y
      value: 0
      objectReference: {fileID: 0}
    - target: {fileID: 7487236060334165795, guid: 88acc80279aa18c4685aec044b412218, type: 3}
      propertyPath: m_LocalEulerAnglesHint.z
      value: 270
      objectReference: {fileID: 0}
    m_RemovedComponents: []
  m_SourcePrefab: {fileID: 100100000, guid: 88acc80279aa18c4685aec044b412218, type: 3}
--- !u!4 &4424681366743041331 stripped
Transform:
  m_CorrespondingSourceObject: {fileID: 7487236060334165795, guid: 88acc80279aa18c4685aec044b412218, type: 3}
  m_PrefabInstance: {fileID: 6525612254857316880}
  m_PrefabAsset: {fileID: 0}
--- !u!1001 &7418545855911278491
PrefabInstance:
  m_ObjectHideFlags: 0
  serializedVersion: 2
  m_Modification:
    m_TransformParent: {fileID: 612328714560240633}
    m_Modifications:
    - target: {fileID: 4464880455357365502, guid: 88acc80279aa18c4685aec044b412218, type: 3}
      propertyPath: m_Name
      value: Bathroom_Wall (31)
      objectReference: {fileID: 0}
    - target: {fileID: 7487236060334165795, guid: 88acc80279aa18c4685aec044b412218, type: 3}
      propertyPath: m_RootOrder
      value: 16
      objectReference: {fileID: 0}
    - target: {fileID: 7487236060334165795, guid: 88acc80279aa18c4685aec044b412218, type: 3}
      propertyPath: m_LocalScale.z
      value: 0.6000003
      objectReference: {fileID: 0}
    - target: {fileID: 7487236060334165795, guid: 88acc80279aa18c4685aec044b412218, type: 3}
      propertyPath: m_LocalPosition.x
      value: 6.776185
      objectReference: {fileID: 0}
    - target: {fileID: 7487236060334165795, guid: 88acc80279aa18c4685aec044b412218, type: 3}
      propertyPath: m_LocalPosition.y
      value: 0.00000047683716
      objectReference: {fileID: 0}
    - target: {fileID: 7487236060334165795, guid: 88acc80279aa18c4685aec044b412218, type: 3}
      propertyPath: m_LocalPosition.z
      value: 6.383808
      objectReference: {fileID: 0}
    - target: {fileID: 7487236060334165795, guid: 88acc80279aa18c4685aec044b412218, type: 3}
      propertyPath: m_LocalRotation.w
      value: -0.5
      objectReference: {fileID: 0}
    - target: {fileID: 7487236060334165795, guid: 88acc80279aa18c4685aec044b412218, type: 3}
      propertyPath: m_LocalRotation.x
      value: 0.5
      objectReference: {fileID: 0}
    - target: {fileID: 7487236060334165795, guid: 88acc80279aa18c4685aec044b412218, type: 3}
      propertyPath: m_LocalRotation.y
      value: 0.5
      objectReference: {fileID: 0}
    - target: {fileID: 7487236060334165795, guid: 88acc80279aa18c4685aec044b412218, type: 3}
      propertyPath: m_LocalRotation.z
      value: 0.5
      objectReference: {fileID: 0}
    - target: {fileID: 7487236060334165795, guid: 88acc80279aa18c4685aec044b412218, type: 3}
      propertyPath: m_LocalEulerAnglesHint.x
      value: -90
      objectReference: {fileID: 0}
    - target: {fileID: 7487236060334165795, guid: 88acc80279aa18c4685aec044b412218, type: 3}
      propertyPath: m_LocalEulerAnglesHint.y
      value: 0
      objectReference: {fileID: 0}
    - target: {fileID: 7487236060334165795, guid: 88acc80279aa18c4685aec044b412218, type: 3}
      propertyPath: m_LocalEulerAnglesHint.z
      value: 270
      objectReference: {fileID: 0}
    m_RemovedComponents: []
  m_SourcePrefab: {fileID: 100100000, guid: 88acc80279aa18c4685aec044b412218, type: 3}
--- !u!4 &79931890546456760 stripped
Transform:
  m_CorrespondingSourceObject: {fileID: 7487236060334165795, guid: 88acc80279aa18c4685aec044b412218, type: 3}
  m_PrefabInstance: {fileID: 7418545855911278491}
  m_PrefabAsset: {fileID: 0}
--- !u!1001 &7581902912774925329
PrefabInstance:
  m_ObjectHideFlags: 0
  serializedVersion: 2
  m_Modification:
    m_TransformParent: {fileID: 612328714560240633}
    m_Modifications:
    - target: {fileID: 4464880455357365502, guid: 88acc80279aa18c4685aec044b412218, type: 3}
      propertyPath: m_Name
      value: Bathroom_Wall (19)
      objectReference: {fileID: 0}
    - target: {fileID: 7487236060334165795, guid: 88acc80279aa18c4685aec044b412218, type: 3}
      propertyPath: m_RootOrder
      value: 18
      objectReference: {fileID: 0}
    - target: {fileID: 7487236060334165795, guid: 88acc80279aa18c4685aec044b412218, type: 3}
      propertyPath: m_LocalScale.z
      value: 0.60000026
      objectReference: {fileID: 0}
    - target: {fileID: 7487236060334165795, guid: 88acc80279aa18c4685aec044b412218, type: 3}
      propertyPath: m_LocalPosition.x
      value: 7.525776
      objectReference: {fileID: 0}
    - target: {fileID: 7487236060334165795, guid: 88acc80279aa18c4685aec044b412218, type: 3}
      propertyPath: m_LocalPosition.y
      value: -0.00000071525574
      objectReference: {fileID: 0}
    - target: {fileID: 7487236060334165795, guid: 88acc80279aa18c4685aec044b412218, type: 3}
      propertyPath: m_LocalPosition.z
      value: 3.632513
      objectReference: {fileID: 0}
    - target: {fileID: 7487236060334165795, guid: 88acc80279aa18c4685aec044b412218, type: 3}
      propertyPath: m_LocalRotation.w
      value: 0.7071068
      objectReference: {fileID: 0}
    - target: {fileID: 7487236060334165795, guid: 88acc80279aa18c4685aec044b412218, type: 3}
      propertyPath: m_LocalRotation.x
      value: -0.7071068
      objectReference: {fileID: 0}
    - target: {fileID: 7487236060334165795, guid: 88acc80279aa18c4685aec044b412218, type: 3}
      propertyPath: m_LocalRotation.y
      value: -0
      objectReference: {fileID: 0}
    - target: {fileID: 7487236060334165795, guid: 88acc80279aa18c4685aec044b412218, type: 3}
      propertyPath: m_LocalRotation.z
      value: -0
      objectReference: {fileID: 0}
    - target: {fileID: 7487236060334165795, guid: 88acc80279aa18c4685aec044b412218, type: 3}
      propertyPath: m_LocalEulerAnglesHint.x
      value: -90
      objectReference: {fileID: 0}
    - target: {fileID: 7487236060334165795, guid: 88acc80279aa18c4685aec044b412218, type: 3}
      propertyPath: m_LocalEulerAnglesHint.y
      value: 0
      objectReference: {fileID: 0}
    - target: {fileID: 7487236060334165795, guid: 88acc80279aa18c4685aec044b412218, type: 3}
      propertyPath: m_LocalEulerAnglesHint.z
      value: 0
      objectReference: {fileID: 0}
    m_RemovedComponents: []
  m_SourcePrefab: {fileID: 100100000, guid: 88acc80279aa18c4685aec044b412218, type: 3}
--- !u!4 &1067446571530216242 stripped
Transform:
  m_CorrespondingSourceObject: {fileID: 7487236060334165795, guid: 88acc80279aa18c4685aec044b412218, type: 3}
  m_PrefabInstance: {fileID: 7581902912774925329}
  m_PrefabAsset: {fileID: 0}
--- !u!1001 &8293294011805865822
PrefabInstance:
  m_ObjectHideFlags: 0
  serializedVersion: 2
  m_Modification:
    m_TransformParent: {fileID: 612328714560240633}
    m_Modifications:
    - target: {fileID: 4464880455357365502, guid: 88acc80279aa18c4685aec044b412218, type: 3}
      propertyPath: m_Name
      value: Bathroom_Wall (21)
      objectReference: {fileID: 0}
    - target: {fileID: 7487236060334165795, guid: 88acc80279aa18c4685aec044b412218, type: 3}
      propertyPath: m_RootOrder
      value: 5
      objectReference: {fileID: 0}
    - target: {fileID: 7487236060334165795, guid: 88acc80279aa18c4685aec044b412218, type: 3}
      propertyPath: m_LocalScale.z
      value: 0.6000003
      objectReference: {fileID: 0}
    - target: {fileID: 7487236060334165795, guid: 88acc80279aa18c4685aec044b412218, type: 3}
      propertyPath: m_LocalPosition.x
      value: -3.2302566
      objectReference: {fileID: 0}
    - target: {fileID: 7487236060334165795, guid: 88acc80279aa18c4685aec044b412218, type: 3}
      propertyPath: m_LocalPosition.y
      value: 0.00000047683716
      objectReference: {fileID: 0}
    - target: {fileID: 7487236060334165795, guid: 88acc80279aa18c4685aec044b412218, type: 3}
      propertyPath: m_LocalPosition.z
      value: 6.38381
      objectReference: {fileID: 0}
    - target: {fileID: 7487236060334165795, guid: 88acc80279aa18c4685aec044b412218, type: 3}
      propertyPath: m_LocalRotation.w
      value: -0.5
      objectReference: {fileID: 0}
    - target: {fileID: 7487236060334165795, guid: 88acc80279aa18c4685aec044b412218, type: 3}
      propertyPath: m_LocalRotation.x
      value: 0.5
      objectReference: {fileID: 0}
    - target: {fileID: 7487236060334165795, guid: 88acc80279aa18c4685aec044b412218, type: 3}
      propertyPath: m_LocalRotation.y
      value: 0.5
      objectReference: {fileID: 0}
    - target: {fileID: 7487236060334165795, guid: 88acc80279aa18c4685aec044b412218, type: 3}
      propertyPath: m_LocalRotation.z
      value: 0.5
      objectReference: {fileID: 0}
    - target: {fileID: 7487236060334165795, guid: 88acc80279aa18c4685aec044b412218, type: 3}
      propertyPath: m_LocalEulerAnglesHint.x
      value: -90
      objectReference: {fileID: 0}
    - target: {fileID: 7487236060334165795, guid: 88acc80279aa18c4685aec044b412218, type: 3}
      propertyPath: m_LocalEulerAnglesHint.y
      value: 0
      objectReference: {fileID: 0}
    - target: {fileID: 7487236060334165795, guid: 88acc80279aa18c4685aec044b412218, type: 3}
      propertyPath: m_LocalEulerAnglesHint.z
      value: 270
      objectReference: {fileID: 0}
    m_RemovedComponents: []
  m_SourcePrefab: {fileID: 100100000, guid: 88acc80279aa18c4685aec044b412218, type: 3}
--- !u!4 &1513125301392414845 stripped
Transform:
  m_CorrespondingSourceObject: {fileID: 7487236060334165795, guid: 88acc80279aa18c4685aec044b412218, type: 3}
  m_PrefabInstance: {fileID: 8293294011805865822}
  m_PrefabAsset: {fileID: 0}
--- !u!1001 &8335370105227512148
PrefabInstance:
  m_ObjectHideFlags: 0
  serializedVersion: 2
  m_Modification:
    m_TransformParent: {fileID: 612328714560240633}
    m_Modifications:
    - target: {fileID: 4464880455357365502, guid: 88acc80279aa18c4685aec044b412218, type: 3}
      propertyPath: m_Name
      value: Bathroom_Wall (26)
      objectReference: {fileID: 0}
    - target: {fileID: 7487236060334165795, guid: 88acc80279aa18c4685aec044b412218, type: 3}
      propertyPath: m_RootOrder
      value: 10
      objectReference: {fileID: 0}
    - target: {fileID: 7487236060334165795, guid: 88acc80279aa18c4685aec044b412218, type: 3}
      propertyPath: m_LocalScale.z
      value: 0.6000003
      objectReference: {fileID: 0}
    - target: {fileID: 7487236060334165795, guid: 88acc80279aa18c4685aec044b412218, type: 3}
      propertyPath: m_LocalPosition.x
      value: 1.7723382
      objectReference: {fileID: 0}
    - target: {fileID: 7487236060334165795, guid: 88acc80279aa18c4685aec044b412218, type: 3}
      propertyPath: m_LocalPosition.y
      value: 0.00000047683716
      objectReference: {fileID: 0}
    - target: {fileID: 7487236060334165795, guid: 88acc80279aa18c4685aec044b412218, type: 3}
      propertyPath: m_LocalPosition.z
      value: 6.38381
      objectReference: {fileID: 0}
    - target: {fileID: 7487236060334165795, guid: 88acc80279aa18c4685aec044b412218, type: 3}
      propertyPath: m_LocalRotation.w
      value: -0.5
      objectReference: {fileID: 0}
    - target: {fileID: 7487236060334165795, guid: 88acc80279aa18c4685aec044b412218, type: 3}
      propertyPath: m_LocalRotation.x
      value: 0.5
      objectReference: {fileID: 0}
    - target: {fileID: 7487236060334165795, guid: 88acc80279aa18c4685aec044b412218, type: 3}
      propertyPath: m_LocalRotation.y
      value: 0.5
      objectReference: {fileID: 0}
    - target: {fileID: 7487236060334165795, guid: 88acc80279aa18c4685aec044b412218, type: 3}
      propertyPath: m_LocalRotation.z
      value: 0.5
      objectReference: {fileID: 0}
    - target: {fileID: 7487236060334165795, guid: 88acc80279aa18c4685aec044b412218, type: 3}
      propertyPath: m_LocalEulerAnglesHint.x
      value: -90
      objectReference: {fileID: 0}
    - target: {fileID: 7487236060334165795, guid: 88acc80279aa18c4685aec044b412218, type: 3}
      propertyPath: m_LocalEulerAnglesHint.y
      value: 0
      objectReference: {fileID: 0}
    - target: {fileID: 7487236060334165795, guid: 88acc80279aa18c4685aec044b412218, type: 3}
      propertyPath: m_LocalEulerAnglesHint.z
      value: 270
      objectReference: {fileID: 0}
    m_RemovedComponents: []
  m_SourcePrefab: {fileID: 100100000, guid: 88acc80279aa18c4685aec044b412218, type: 3}
--- !u!4 &1460625836608161399 stripped
Transform:
  m_CorrespondingSourceObject: {fileID: 7487236060334165795, guid: 88acc80279aa18c4685aec044b412218, type: 3}
  m_PrefabInstance: {fileID: 8335370105227512148}
  m_PrefabAsset: {fileID: 0}
--- !u!1001 &8893476618146972427
PrefabInstance:
  m_ObjectHideFlags: 0
  serializedVersion: 2
  m_Modification:
    m_TransformParent: {fileID: 612328714560240633}
    m_Modifications:
    - target: {fileID: 4464880455357365502, guid: 88acc80279aa18c4685aec044b412218, type: 3}
      propertyPath: m_Name
      value: Bathroom_Wall (28)
      objectReference: {fileID: 0}
    - target: {fileID: 7487236060334165795, guid: 88acc80279aa18c4685aec044b412218, type: 3}
      propertyPath: m_RootOrder
      value: 12
      objectReference: {fileID: 0}
    - target: {fileID: 7487236060334165795, guid: 88acc80279aa18c4685aec044b412218, type: 3}
      propertyPath: m_LocalScale.z
      value: 0.6000003
      objectReference: {fileID: 0}
    - target: {fileID: 7487236060334165795, guid: 88acc80279aa18c4685aec044b412218, type: 3}
      propertyPath: m_LocalPosition.x
      value: 3.7746313
      objectReference: {fileID: 0}
    - target: {fileID: 7487236060334165795, guid: 88acc80279aa18c4685aec044b412218, type: 3}
      propertyPath: m_LocalPosition.y
      value: 0.00000047683716
      objectReference: {fileID: 0}
    - target: {fileID: 7487236060334165795, guid: 88acc80279aa18c4685aec044b412218, type: 3}
      propertyPath: m_LocalPosition.z
      value: 6.383808
      objectReference: {fileID: 0}
    - target: {fileID: 7487236060334165795, guid: 88acc80279aa18c4685aec044b412218, type: 3}
      propertyPath: m_LocalRotation.w
      value: -0.5
      objectReference: {fileID: 0}
    - target: {fileID: 7487236060334165795, guid: 88acc80279aa18c4685aec044b412218, type: 3}
      propertyPath: m_LocalRotation.x
      value: 0.5
      objectReference: {fileID: 0}
    - target: {fileID: 7487236060334165795, guid: 88acc80279aa18c4685aec044b412218, type: 3}
      propertyPath: m_LocalRotation.y
      value: 0.5
      objectReference: {fileID: 0}
    - target: {fileID: 7487236060334165795, guid: 88acc80279aa18c4685aec044b412218, type: 3}
      propertyPath: m_LocalRotation.z
      value: 0.5
      objectReference: {fileID: 0}
    - target: {fileID: 7487236060334165795, guid: 88acc80279aa18c4685aec044b412218, type: 3}
      propertyPath: m_LocalEulerAnglesHint.x
      value: -90
      objectReference: {fileID: 0}
    - target: {fileID: 7487236060334165795, guid: 88acc80279aa18c4685aec044b412218, type: 3}
      propertyPath: m_LocalEulerAnglesHint.y
      value: 0
      objectReference: {fileID: 0}
    - target: {fileID: 7487236060334165795, guid: 88acc80279aa18c4685aec044b412218, type: 3}
      propertyPath: m_LocalEulerAnglesHint.z
      value: 270
      objectReference: {fileID: 0}
    m_RemovedComponents: []
  m_SourcePrefab: {fileID: 100100000, guid: 88acc80279aa18c4685aec044b412218, type: 3}
--- !u!4 &2054758921772600360 stripped
Transform:
  m_CorrespondingSourceObject: {fileID: 7487236060334165795, guid: 88acc80279aa18c4685aec044b412218, type: 3}
  m_PrefabInstance: {fileID: 8893476618146972427}
  m_PrefabAsset: {fileID: 0}
--- !u!1001 &8916005869573705408
PrefabInstance:
  m_ObjectHideFlags: 0
  serializedVersion: 2
  m_Modification:
    m_TransformParent: {fileID: 612328714560240633}
    m_Modifications:
    - target: {fileID: 4464880455357365502, guid: 88acc80279aa18c4685aec044b412218, type: 3}
      propertyPath: m_Name
      value: Bathroom_Wall (20)
      objectReference: {fileID: 0}
    - target: {fileID: 7487236060334165795, guid: 88acc80279aa18c4685aec044b412218, type: 3}
      propertyPath: m_RootOrder
      value: 19
      objectReference: {fileID: 0}
    - target: {fileID: 7487236060334165795, guid: 88acc80279aa18c4685aec044b412218, type: 3}
      propertyPath: m_LocalScale.z
      value: 0.60000026
      objectReference: {fileID: 0}
    - target: {fileID: 7487236060334165795, guid: 88acc80279aa18c4685aec044b412218, type: 3}
      propertyPath: m_LocalPosition.x
      value: 7.525775
      objectReference: {fileID: 0}
    - target: {fileID: 7487236060334165795, guid: 88acc80279aa18c4685aec044b412218, type: 3}
      propertyPath: m_LocalPosition.y
      value: -0.00000047683716
      objectReference: {fileID: 0}
    - target: {fileID: 7487236060334165795, guid: 88acc80279aa18c4685aec044b412218, type: 3}
      propertyPath: m_LocalPosition.z
      value: 4.633032
      objectReference: {fileID: 0}
    - target: {fileID: 7487236060334165795, guid: 88acc80279aa18c4685aec044b412218, type: 3}
      propertyPath: m_LocalRotation.w
      value: 0.7071068
      objectReference: {fileID: 0}
    - target: {fileID: 7487236060334165795, guid: 88acc80279aa18c4685aec044b412218, type: 3}
      propertyPath: m_LocalRotation.x
      value: -0.7071068
      objectReference: {fileID: 0}
    - target: {fileID: 7487236060334165795, guid: 88acc80279aa18c4685aec044b412218, type: 3}
      propertyPath: m_LocalRotation.y
      value: -0
      objectReference: {fileID: 0}
    - target: {fileID: 7487236060334165795, guid: 88acc80279aa18c4685aec044b412218, type: 3}
      propertyPath: m_LocalRotation.z
      value: -0
      objectReference: {fileID: 0}
    - target: {fileID: 7487236060334165795, guid: 88acc80279aa18c4685aec044b412218, type: 3}
      propertyPath: m_LocalEulerAnglesHint.x
      value: -90
      objectReference: {fileID: 0}
    - target: {fileID: 7487236060334165795, guid: 88acc80279aa18c4685aec044b412218, type: 3}
      propertyPath: m_LocalEulerAnglesHint.y
      value: 0
      objectReference: {fileID: 0}
    - target: {fileID: 7487236060334165795, guid: 88acc80279aa18c4685aec044b412218, type: 3}
      propertyPath: m_LocalEulerAnglesHint.z
      value: 0
      objectReference: {fileID: 0}
    m_RemovedComponents: []
  m_SourcePrefab: {fileID: 100100000, guid: 88acc80279aa18c4685aec044b412218, type: 3}
--- !u!4 &2041262709190394339 stripped
Transform:
  m_CorrespondingSourceObject: {fileID: 7487236060334165795, guid: 88acc80279aa18c4685aec044b412218, type: 3}
  m_PrefabInstance: {fileID: 8916005869573705408}
  m_PrefabAsset: {fileID: 0}
--- !u!1001 &9067806019504586338
PrefabInstance:
  m_ObjectHideFlags: 0
  serializedVersion: 2
  m_Modification:
    m_TransformParent: {fileID: 612328714560240633}
    m_Modifications:
    - target: {fileID: 1574283180815352719, guid: 65fa5693894bb6e48bedd2c3e04daf82, type: 3}
      propertyPath: m_RootOrder
      value: 14
      objectReference: {fileID: 0}
    - target: {fileID: 1574283180815352719, guid: 65fa5693894bb6e48bedd2c3e04daf82, type: 3}
      propertyPath: m_LocalScale.y
      value: 0.60000026
      objectReference: {fileID: 0}
    - target: {fileID: 1574283180815352719, guid: 65fa5693894bb6e48bedd2c3e04daf82, type: 3}
      propertyPath: m_LocalPosition.x
      value: 7.58861
      objectReference: {fileID: 0}
    - target: {fileID: 1574283180815352719, guid: 65fa5693894bb6e48bedd2c3e04daf82, type: 3}
      propertyPath: m_LocalPosition.y
      value: 0.46584594
      objectReference: {fileID: 0}
    - target: {fileID: 1574283180815352719, guid: 65fa5693894bb6e48bedd2c3e04daf82, type: 3}
      propertyPath: m_LocalPosition.z
      value: 6.4462967
      objectReference: {fileID: 0}
    - target: {fileID: 1574283180815352719, guid: 65fa5693894bb6e48bedd2c3e04daf82, type: 3}
      propertyPath: m_LocalRotation.w
      value: 0.7071068
      objectReference: {fileID: 0}
    - target: {fileID: 1574283180815352719, guid: 65fa5693894bb6e48bedd2c3e04daf82, type: 3}
      propertyPath: m_LocalRotation.x
      value: 0
      objectReference: {fileID: 0}
    - target: {fileID: 1574283180815352719, guid: 65fa5693894bb6e48bedd2c3e04daf82, type: 3}
      propertyPath: m_LocalRotation.y
      value: -0.7071068
      objectReference: {fileID: 0}
    - target: {fileID: 1574283180815352719, guid: 65fa5693894bb6e48bedd2c3e04daf82, type: 3}
      propertyPath: m_LocalRotation.z
      value: 0
      objectReference: {fileID: 0}
    - target: {fileID: 1574283180815352719, guid: 65fa5693894bb6e48bedd2c3e04daf82, type: 3}
      propertyPath: m_LocalEulerAnglesHint.x
      value: 0
      objectReference: {fileID: 0}
    - target: {fileID: 1574283180815352719, guid: 65fa5693894bb6e48bedd2c3e04daf82, type: 3}
      propertyPath: m_LocalEulerAnglesHint.y
      value: -90
      objectReference: {fileID: 0}
    - target: {fileID: 1574283180815352719, guid: 65fa5693894bb6e48bedd2c3e04daf82, type: 3}
      propertyPath: m_LocalEulerAnglesHint.z
      value: 0
      objectReference: {fileID: 0}
    - target: {fileID: 7325642185878991516, guid: 65fa5693894bb6e48bedd2c3e04daf82, type: 3}
      propertyPath: m_Name
      value: WC_Wall_Column_A_1 (6)
      objectReference: {fileID: 0}
    m_RemovedComponents: []
  m_SourcePrefab: {fileID: 100100000, guid: 65fa5693894bb6e48bedd2c3e04daf82, type: 3}
--- !u!4 &7498400738283306477 stripped
Transform:
  m_CorrespondingSourceObject: {fileID: 1574283180815352719, guid: 65fa5693894bb6e48bedd2c3e04daf82, type: 3}
  m_PrefabInstance: {fileID: 9067806019504586338}
  m_PrefabAsset: {fileID: 0}
