%YAML 1.1
%TAG !u! tag:unity3d.com,2011:
--- !u!1 &1821478686493489370
GameObject:
  m_ObjectHideFlags: 0
  m_CorrespondingSourceObject: {fileID: 0}
  m_PrefabInstance: {fileID: 0}
  m_PrefabAsset: {fileID: 0}
  serializedVersion: 6
  m_Component:
  - component: {fileID: 252311982243992954}
  m_Layer: 0
  m_Name: Room1_bathroom_Floor_lvl2
  m_TagString: Untagged
  m_Icon: {fileID: 0}
  m_NavMeshLayer: 0
  m_StaticEditorFlags: 0
  m_IsActive: 0
--- !u!4 &252311982243992954
Transform:
  m_ObjectHideFlags: 0
  m_CorrespondingSourceObject: {fileID: 0}
  m_PrefabInstance: {fileID: 0}
  m_PrefabAsset: {fileID: 0}
  m_GameObject: {fileID: 1821478686493489370}
  m_LocalRotation: {x: -0, y: -0, z: -0, w: 1}
  m_LocalPosition: {x: -0.2111857, y: -0.0027288198, z: -0.37116432}
  m_LocalScale: {x: 1, y: 1, z: 1}
  m_ConstrainProportionsScale: 0
  m_Children:
  - {fileID: 7345411440765727414}
  - {fileID: 1213348254824931081}
  - {fileID: 118697336268010363}
  - {fileID: 5849695845534759097}
  - {fileID: 651118139672461164}
  - {fileID: 7967504873479745025}
  - {fileID: 101070424641053433}
  - {fileID: 4200516234177914510}
  - {fileID: 148748894547719335}
  - {fileID: 9220001800053701837}
  - {fileID: 6463730729255239013}
  - {fileID: 444837404444377661}
  - {fileID: 2179193565172311092}
  - {fileID: 4173234566637265466}
  - {fileID: 3674639676457487524}
  - {fileID: 7784968018815240359}
  - {fileID: 7638492688502795496}
  - {fileID: 1125663626665289892}
  - {fileID: 4800296161211586337}
  - {fileID: 2241709645213137054}
  - {fileID: 1882680422430949844}
  - {fileID: 6465075050520283846}
  - {fileID: 5642221538244589566}
  - {fileID: 7382587689858989899}
  m_Father: {fileID: 0}
  m_RootOrder: 0
  m_LocalEulerAnglesHint: {x: 0, y: 0, z: 0}
--- !u!1001 &1553818449437276284
PrefabInstance:
  m_ObjectHideFlags: 0
  serializedVersion: 2
  m_Modification:
    m_TransformParent: {fileID: 252311982243992954}
    m_Modifications:
    - target: {fileID: 1910122807768483961, guid: 5097234a820dca242838503cf26fa72c, type: 3}
      propertyPath: m_Name
      value: Bathroom_1x1_Floor (13)
      objectReference: {fileID: 0}
    - target: {fileID: 3204886316640868934, guid: 5097234a820dca242838503cf26fa72c, type: 3}
      propertyPath: m_RootOrder
      value: 13
      objectReference: {fileID: 0}
    - target: {fileID: 3204886316640868934, guid: 5097234a820dca242838503cf26fa72c, type: 3}
      propertyPath: m_LocalPosition.x
      value: 2.9831529
      objectReference: {fileID: 0}
    - target: {fileID: 3204886316640868934, guid: 5097234a820dca242838503cf26fa72c, type: 3}
      propertyPath: m_LocalPosition.y
      value: 0.00000023841858
      objectReference: {fileID: 0}
    - target: {fileID: 3204886316640868934, guid: 5097234a820dca242838503cf26fa72c, type: 3}
      propertyPath: m_LocalPosition.z
      value: 0
      objectReference: {fileID: 0}
    - target: {fileID: 3204886316640868934, guid: 5097234a820dca242838503cf26fa72c, type: 3}
      propertyPath: m_LocalRotation.w
      value: 0.7071068
      objectReference: {fileID: 0}
    - target: {fileID: 3204886316640868934, guid: 5097234a820dca242838503cf26fa72c, type: 3}
      propertyPath: m_LocalRotation.x
      value: -0.7071068
      objectReference: {fileID: 0}
    - target: {fileID: 3204886316640868934, guid: 5097234a820dca242838503cf26fa72c, type: 3}
      propertyPath: m_LocalRotation.y
      value: -0
      objectReference: {fileID: 0}
    - target: {fileID: 3204886316640868934, guid: 5097234a820dca242838503cf26fa72c, type: 3}
      propertyPath: m_LocalRotation.z
      value: -0
      objectReference: {fileID: 0}
    - target: {fileID: 3204886316640868934, guid: 5097234a820dca242838503cf26fa72c, type: 3}
      propertyPath: m_LocalEulerAnglesHint.x
      value: -90
      objectReference: {fileID: 0}
    - target: {fileID: 3204886316640868934, guid: 5097234a820dca242838503cf26fa72c, type: 3}
      propertyPath: m_LocalEulerAnglesHint.y
      value: 0
      objectReference: {fileID: 0}
    - target: {fileID: 3204886316640868934, guid: 5097234a820dca242838503cf26fa72c, type: 3}
      propertyPath: m_LocalEulerAnglesHint.z
      value: 0
      objectReference: {fileID: 0}
    m_RemovedComponents: []
  m_SourcePrefab: {fileID: 100100000, guid: 5097234a820dca242838503cf26fa72c, type: 3}
--- !u!4 &4173234566637265466 stripped
Transform:
  m_CorrespondingSourceObject: {fileID: 3204886316640868934, guid: 5097234a820dca242838503cf26fa72c, type: 3}
  m_PrefabInstance: {fileID: 1553818449437276284}
  m_PrefabAsset: {fileID: 0}
--- !u!1001 &1599112521024552136
PrefabInstance:
  m_ObjectHideFlags: 0
  serializedVersion: 2
  m_Modification:
    m_TransformParent: {fileID: 252311982243992954}
    m_Modifications:
    - target: {fileID: 1910122807768483961, guid: 5097234a820dca242838503cf26fa72c, type: 3}
      propertyPath: m_Name
      value: Bathroom_1x1_Floor (7)
      objectReference: {fileID: 0}
    - target: {fileID: 3204886316640868934, guid: 5097234a820dca242838503cf26fa72c, type: 3}
      propertyPath: m_RootOrder
      value: 7
      objectReference: {fileID: 0}
    - target: {fileID: 3204886316640868934, guid: 5097234a820dca242838503cf26fa72c, type: 3}
      propertyPath: m_LocalPosition.x
      value: 0.9821086
      objectReference: {fileID: 0}
    - target: {fileID: 3204886316640868934, guid: 5097234a820dca242838503cf26fa72c, type: 3}
      propertyPath: m_LocalPosition.y
      value: 0
      objectReference: {fileID: 0}
    - target: {fileID: 3204886316640868934, guid: 5097234a820dca242838503cf26fa72c, type: 3}
      propertyPath: m_LocalPosition.z
      value: 0
      objectReference: {fileID: 0}
    - target: {fileID: 3204886316640868934, guid: 5097234a820dca242838503cf26fa72c, type: 3}
      propertyPath: m_LocalRotation.w
      value: 0.7071068
      objectReference: {fileID: 0}
    - target: {fileID: 3204886316640868934, guid: 5097234a820dca242838503cf26fa72c, type: 3}
      propertyPath: m_LocalRotation.x
      value: -0.7071068
      objectReference: {fileID: 0}
    - target: {fileID: 3204886316640868934, guid: 5097234a820dca242838503cf26fa72c, type: 3}
      propertyPath: m_LocalRotation.y
      value: -0
      objectReference: {fileID: 0}
    - target: {fileID: 3204886316640868934, guid: 5097234a820dca242838503cf26fa72c, type: 3}
      propertyPath: m_LocalRotation.z
      value: -0
      objectReference: {fileID: 0}
    - target: {fileID: 3204886316640868934, guid: 5097234a820dca242838503cf26fa72c, type: 3}
      propertyPath: m_LocalEulerAnglesHint.x
      value: -90
      objectReference: {fileID: 0}
    - target: {fileID: 3204886316640868934, guid: 5097234a820dca242838503cf26fa72c, type: 3}
      propertyPath: m_LocalEulerAnglesHint.y
      value: 0
      objectReference: {fileID: 0}
    - target: {fileID: 3204886316640868934, guid: 5097234a820dca242838503cf26fa72c, type: 3}
      propertyPath: m_LocalEulerAnglesHint.z
      value: 0
      objectReference: {fileID: 0}
    m_RemovedComponents: []
  m_SourcePrefab: {fileID: 100100000, guid: 5097234a820dca242838503cf26fa72c, type: 3}
--- !u!4 &4200516234177914510 stripped
Transform:
  m_CorrespondingSourceObject: {fileID: 3204886316640868934, guid: 5097234a820dca242838503cf26fa72c, type: 3}
  m_PrefabInstance: {fileID: 1599112521024552136}
  m_PrefabAsset: {fileID: 0}
--- !u!1001 &2199157734739121890
PrefabInstance:
  m_ObjectHideFlags: 0
  serializedVersion: 2
  m_Modification:
    m_TransformParent: {fileID: 252311982243992954}
    m_Modifications:
    - target: {fileID: 1910122807768483961, guid: 5097234a820dca242838503cf26fa72c, type: 3}
      propertyPath: m_Name
      value: Bathroom_1x1_Floor (14)
      objectReference: {fileID: 0}
    - target: {fileID: 3204886316640868934, guid: 5097234a820dca242838503cf26fa72c, type: 3}
      propertyPath: m_RootOrder
      value: 14
      objectReference: {fileID: 0}
    - target: {fileID: 3204886316640868934, guid: 5097234a820dca242838503cf26fa72c, type: 3}
      propertyPath: m_LocalPosition.x
      value: 4.9841967
      objectReference: {fileID: 0}
    - target: {fileID: 3204886316640868934, guid: 5097234a820dca242838503cf26fa72c, type: 3}
      propertyPath: m_LocalPosition.y
      value: 0
      objectReference: {fileID: 0}
    - target: {fileID: 3204886316640868934, guid: 5097234a820dca242838503cf26fa72c, type: 3}
      propertyPath: m_LocalPosition.z
      value: -2
      objectReference: {fileID: 0}
    - target: {fileID: 3204886316640868934, guid: 5097234a820dca242838503cf26fa72c, type: 3}
      propertyPath: m_LocalRotation.w
      value: 0.7071068
      objectReference: {fileID: 0}
    - target: {fileID: 3204886316640868934, guid: 5097234a820dca242838503cf26fa72c, type: 3}
      propertyPath: m_LocalRotation.x
      value: -0.7071068
      objectReference: {fileID: 0}
    - target: {fileID: 3204886316640868934, guid: 5097234a820dca242838503cf26fa72c, type: 3}
      propertyPath: m_LocalRotation.y
      value: -0
      objectReference: {fileID: 0}
    - target: {fileID: 3204886316640868934, guid: 5097234a820dca242838503cf26fa72c, type: 3}
      propertyPath: m_LocalRotation.z
      value: -0
      objectReference: {fileID: 0}
    - target: {fileID: 3204886316640868934, guid: 5097234a820dca242838503cf26fa72c, type: 3}
      propertyPath: m_LocalEulerAnglesHint.x
      value: -90
      objectReference: {fileID: 0}
    - target: {fileID: 3204886316640868934, guid: 5097234a820dca242838503cf26fa72c, type: 3}
      propertyPath: m_LocalEulerAnglesHint.y
      value: 0
      objectReference: {fileID: 0}
    - target: {fileID: 3204886316640868934, guid: 5097234a820dca242838503cf26fa72c, type: 3}
      propertyPath: m_LocalEulerAnglesHint.z
      value: 0
      objectReference: {fileID: 0}
    m_RemovedComponents: []
  m_SourcePrefab: {fileID: 100100000, guid: 5097234a820dca242838503cf26fa72c, type: 3}
--- !u!4 &3674639676457487524 stripped
Transform:
  m_CorrespondingSourceObject: {fileID: 3204886316640868934, guid: 5097234a820dca242838503cf26fa72c, type: 3}
  m_PrefabInstance: {fileID: 2199157734739121890}
  m_PrefabAsset: {fileID: 0}
--- !u!1001 &2586510967124128482
PrefabInstance:
  m_ObjectHideFlags: 0
  serializedVersion: 2
  m_Modification:
    m_TransformParent: {fileID: 252311982243992954}
    m_Modifications:
    - target: {fileID: 1910122807768483961, guid: 5097234a820dca242838503cf26fa72c, type: 3}
      propertyPath: m_Name
      value: Bathroom_1x1_Floor (17)
      objectReference: {fileID: 0}
    - target: {fileID: 3204886316640868934, guid: 5097234a820dca242838503cf26fa72c, type: 3}
      propertyPath: m_RootOrder
      value: 17
      objectReference: {fileID: 0}
    - target: {fileID: 3204886316640868934, guid: 5097234a820dca242838503cf26fa72c, type: 3}
      propertyPath: m_LocalPosition.x
      value: 0.9821086
      objectReference: {fileID: 0}
    - target: {fileID: 3204886316640868934, guid: 5097234a820dca242838503cf26fa72c, type: 3}
      propertyPath: m_LocalPosition.y
      value: 0.00000023841858
      objectReference: {fileID: 0}
    - target: {fileID: 3204886316640868934, guid: 5097234a820dca242838503cf26fa72c, type: 3}
      propertyPath: m_LocalPosition.z
      value: 4
      objectReference: {fileID: 0}
    - target: {fileID: 3204886316640868934, guid: 5097234a820dca242838503cf26fa72c, type: 3}
      propertyPath: m_LocalRotation.w
      value: 0.7071068
      objectReference: {fileID: 0}
    - target: {fileID: 3204886316640868934, guid: 5097234a820dca242838503cf26fa72c, type: 3}
      propertyPath: m_LocalRotation.x
      value: -0.7071068
      objectReference: {fileID: 0}
    - target: {fileID: 3204886316640868934, guid: 5097234a820dca242838503cf26fa72c, type: 3}
      propertyPath: m_LocalRotation.y
      value: -0
      objectReference: {fileID: 0}
    - target: {fileID: 3204886316640868934, guid: 5097234a820dca242838503cf26fa72c, type: 3}
      propertyPath: m_LocalRotation.z
      value: -0
      objectReference: {fileID: 0}
    - target: {fileID: 3204886316640868934, guid: 5097234a820dca242838503cf26fa72c, type: 3}
      propertyPath: m_LocalEulerAnglesHint.x
      value: -90
      objectReference: {fileID: 0}
    - target: {fileID: 3204886316640868934, guid: 5097234a820dca242838503cf26fa72c, type: 3}
      propertyPath: m_LocalEulerAnglesHint.y
      value: 0
      objectReference: {fileID: 0}
    - target: {fileID: 3204886316640868934, guid: 5097234a820dca242838503cf26fa72c, type: 3}
      propertyPath: m_LocalEulerAnglesHint.z
      value: 0
      objectReference: {fileID: 0}
    m_RemovedComponents: []
  m_SourcePrefab: {fileID: 100100000, guid: 5097234a820dca242838503cf26fa72c, type: 3}
--- !u!4 &1125663626665289892 stripped
Transform:
  m_CorrespondingSourceObject: {fileID: 3204886316640868934, guid: 5097234a820dca242838503cf26fa72c, type: 3}
  m_PrefabInstance: {fileID: 2586510967124128482}
  m_PrefabAsset: {fileID: 0}
--- !u!1001 &2698561489280623914
PrefabInstance:
  m_ObjectHideFlags: 0
  serializedVersion: 2
  m_Modification:
    m_TransformParent: {fileID: 252311982243992954}
    m_Modifications:
    - target: {fileID: 1910122807768483961, guid: 5097234a820dca242838503cf26fa72c, type: 3}
      propertyPath: m_Name
      value: Bathroom_1x1_Floor (4)
      objectReference: {fileID: 0}
    - target: {fileID: 3204886316640868934, guid: 5097234a820dca242838503cf26fa72c, type: 3}
      propertyPath: m_RootOrder
      value: 4
      objectReference: {fileID: 0}
    - target: {fileID: 3204886316640868934, guid: 5097234a820dca242838503cf26fa72c, type: 3}
      propertyPath: m_LocalPosition.x
      value: 0.9821081
      objectReference: {fileID: 0}
    - target: {fileID: 3204886316640868934, guid: 5097234a820dca242838503cf26fa72c, type: 3}
      propertyPath: m_LocalPosition.y
      value: 0
      objectReference: {fileID: 0}
    - target: {fileID: 3204886316640868934, guid: 5097234a820dca242838503cf26fa72c, type: 3}
      propertyPath: m_LocalPosition.z
      value: -2
      objectReference: {fileID: 0}
    - target: {fileID: 3204886316640868934, guid: 5097234a820dca242838503cf26fa72c, type: 3}
      propertyPath: m_LocalRotation.w
      value: 0.7071068
      objectReference: {fileID: 0}
    - target: {fileID: 3204886316640868934, guid: 5097234a820dca242838503cf26fa72c, type: 3}
      propertyPath: m_LocalRotation.x
      value: -0.7071068
      objectReference: {fileID: 0}
    - target: {fileID: 3204886316640868934, guid: 5097234a820dca242838503cf26fa72c, type: 3}
      propertyPath: m_LocalRotation.y
      value: -0
      objectReference: {fileID: 0}
    - target: {fileID: 3204886316640868934, guid: 5097234a820dca242838503cf26fa72c, type: 3}
      propertyPath: m_LocalRotation.z
      value: -0
      objectReference: {fileID: 0}
    - target: {fileID: 3204886316640868934, guid: 5097234a820dca242838503cf26fa72c, type: 3}
      propertyPath: m_LocalEulerAnglesHint.x
      value: -90
      objectReference: {fileID: 0}
    - target: {fileID: 3204886316640868934, guid: 5097234a820dca242838503cf26fa72c, type: 3}
      propertyPath: m_LocalEulerAnglesHint.y
      value: 0
      objectReference: {fileID: 0}
    - target: {fileID: 3204886316640868934, guid: 5097234a820dca242838503cf26fa72c, type: 3}
      propertyPath: m_LocalEulerAnglesHint.z
      value: 0
      objectReference: {fileID: 0}
    m_RemovedComponents: []
  m_SourcePrefab: {fileID: 100100000, guid: 5097234a820dca242838503cf26fa72c, type: 3}
--- !u!4 &651118139672461164 stripped
Transform:
  m_CorrespondingSourceObject: {fileID: 3204886316640868934, guid: 5097234a820dca242838503cf26fa72c, type: 3}
  m_PrefabInstance: {fileID: 2698561489280623914}
  m_PrefabAsset: {fileID: 0}
--- !u!1001 &3050742744219998331
PrefabInstance:
  m_ObjectHideFlags: 0
  serializedVersion: 2
  m_Modification:
    m_TransformParent: {fileID: 252311982243992954}
    m_Modifications:
    - target: {fileID: 1910122807768483961, guid: 5097234a820dca242838503cf26fa72c, type: 3}
      propertyPath: m_Name
      value: Bathroom_1x1_Floor (11)
      objectReference: {fileID: 0}
    - target: {fileID: 3204886316640868934, guid: 5097234a820dca242838503cf26fa72c, type: 3}
      propertyPath: m_RootOrder
      value: 11
      objectReference: {fileID: 0}
    - target: {fileID: 3204886316640868934, guid: 5097234a820dca242838503cf26fa72c, type: 3}
      propertyPath: m_LocalPosition.x
      value: 2.9831524
      objectReference: {fileID: 0}
    - target: {fileID: 3204886316640868934, guid: 5097234a820dca242838503cf26fa72c, type: 3}
      propertyPath: m_LocalPosition.y
      value: 0
      objectReference: {fileID: 0}
    - target: {fileID: 3204886316640868934, guid: 5097234a820dca242838503cf26fa72c, type: 3}
      propertyPath: m_LocalPosition.z
      value: 2
      objectReference: {fileID: 0}
    - target: {fileID: 3204886316640868934, guid: 5097234a820dca242838503cf26fa72c, type: 3}
      propertyPath: m_LocalRotation.w
      value: 0.7071068
      objectReference: {fileID: 0}
    - target: {fileID: 3204886316640868934, guid: 5097234a820dca242838503cf26fa72c, type: 3}
      propertyPath: m_LocalRotation.x
      value: -0.7071068
      objectReference: {fileID: 0}
    - target: {fileID: 3204886316640868934, guid: 5097234a820dca242838503cf26fa72c, type: 3}
      propertyPath: m_LocalRotation.y
      value: -0
      objectReference: {fileID: 0}
    - target: {fileID: 3204886316640868934, guid: 5097234a820dca242838503cf26fa72c, type: 3}
      propertyPath: m_LocalRotation.z
      value: -0
      objectReference: {fileID: 0}
    - target: {fileID: 3204886316640868934, guid: 5097234a820dca242838503cf26fa72c, type: 3}
      propertyPath: m_LocalEulerAnglesHint.x
      value: -90
      objectReference: {fileID: 0}
    - target: {fileID: 3204886316640868934, guid: 5097234a820dca242838503cf26fa72c, type: 3}
      propertyPath: m_LocalEulerAnglesHint.y
      value: 0
      objectReference: {fileID: 0}
    - target: {fileID: 3204886316640868934, guid: 5097234a820dca242838503cf26fa72c, type: 3}
      propertyPath: m_LocalEulerAnglesHint.z
      value: 0
      objectReference: {fileID: 0}
    m_RemovedComponents: []
  m_SourcePrefab: {fileID: 100100000, guid: 5097234a820dca242838503cf26fa72c, type: 3}
--- !u!4 &444837404444377661 stripped
Transform:
  m_CorrespondingSourceObject: {fileID: 3204886316640868934, guid: 5097234a820dca242838503cf26fa72c, type: 3}
  m_PrefabInstance: {fileID: 3050742744219998331}
  m_PrefabAsset: {fileID: 0}
--- !u!1001 &3250781014416734399
PrefabInstance:
  m_ObjectHideFlags: 0
  serializedVersion: 2
  m_Modification:
    m_TransformParent: {fileID: 252311982243992954}
    m_Modifications:
    - target: {fileID: 1910122807768483961, guid: 5097234a820dca242838503cf26fa72c, type: 3}
      propertyPath: m_Name
      value: Bathroom_1x1_Floor (6)
      objectReference: {fileID: 0}
    - target: {fileID: 3204886316640868934, guid: 5097234a820dca242838503cf26fa72c, type: 3}
      propertyPath: m_RootOrder
      value: 6
      objectReference: {fileID: 0}
    - target: {fileID: 3204886316640868934, guid: 5097234a820dca242838503cf26fa72c, type: 3}
      propertyPath: m_LocalPosition.x
      value: 4.9841967
      objectReference: {fileID: 0}
    - target: {fileID: 3204886316640868934, guid: 5097234a820dca242838503cf26fa72c, type: 3}
      propertyPath: m_LocalPosition.y
      value: 0.00000023841858
      objectReference: {fileID: 0}
    - target: {fileID: 3204886316640868934, guid: 5097234a820dca242838503cf26fa72c, type: 3}
      propertyPath: m_LocalPosition.z
      value: 0
      objectReference: {fileID: 0}
    - target: {fileID: 3204886316640868934, guid: 5097234a820dca242838503cf26fa72c, type: 3}
      propertyPath: m_LocalRotation.w
      value: 0.7071068
      objectReference: {fileID: 0}
    - target: {fileID: 3204886316640868934, guid: 5097234a820dca242838503cf26fa72c, type: 3}
      propertyPath: m_LocalRotation.x
      value: -0.7071068
      objectReference: {fileID: 0}
    - target: {fileID: 3204886316640868934, guid: 5097234a820dca242838503cf26fa72c, type: 3}
      propertyPath: m_LocalRotation.y
      value: -0
      objectReference: {fileID: 0}
    - target: {fileID: 3204886316640868934, guid: 5097234a820dca242838503cf26fa72c, type: 3}
      propertyPath: m_LocalRotation.z
      value: -0
      objectReference: {fileID: 0}
    - target: {fileID: 3204886316640868934, guid: 5097234a820dca242838503cf26fa72c, type: 3}
      propertyPath: m_LocalEulerAnglesHint.x
      value: -90
      objectReference: {fileID: 0}
    - target: {fileID: 3204886316640868934, guid: 5097234a820dca242838503cf26fa72c, type: 3}
      propertyPath: m_LocalEulerAnglesHint.y
      value: 0
      objectReference: {fileID: 0}
    - target: {fileID: 3204886316640868934, guid: 5097234a820dca242838503cf26fa72c, type: 3}
      propertyPath: m_LocalEulerAnglesHint.z
      value: 0
      objectReference: {fileID: 0}
    m_RemovedComponents: []
  m_SourcePrefab: {fileID: 100100000, guid: 5097234a820dca242838503cf26fa72c, type: 3}
--- !u!4 &101070424641053433 stripped
Transform:
  m_CorrespondingSourceObject: {fileID: 3204886316640868934, guid: 5097234a820dca242838503cf26fa72c, type: 3}
  m_PrefabInstance: {fileID: 3250781014416734399}
  m_PrefabAsset: {fileID: 0}
--- !u!1001 &3305564639993637181
PrefabInstance:
  m_ObjectHideFlags: 0
  serializedVersion: 2
  m_Modification:
    m_TransformParent: {fileID: 252311982243992954}
    m_Modifications:
    - target: {fileID: 1910122807768483961, guid: 5097234a820dca242838503cf26fa72c, type: 3}
      propertyPath: m_Name
      value: Bathroom_1x1_Floor (2)
      objectReference: {fileID: 0}
    - target: {fileID: 3204886316640868934, guid: 5097234a820dca242838503cf26fa72c, type: 3}
      propertyPath: m_RootOrder
      value: 2
      objectReference: {fileID: 0}
    - target: {fileID: 3204886316640868934, guid: 5097234a820dca242838503cf26fa72c, type: 3}
      propertyPath: m_LocalPosition.x
      value: -3.01998
      objectReference: {fileID: 0}
    - target: {fileID: 3204886316640868934, guid: 5097234a820dca242838503cf26fa72c, type: 3}
      propertyPath: m_LocalPosition.y
      value: 0
      objectReference: {fileID: 0}
    - target: {fileID: 3204886316640868934, guid: 5097234a820dca242838503cf26fa72c, type: 3}
      propertyPath: m_LocalPosition.z
      value: 2
      objectReference: {fileID: 0}
    - target: {fileID: 3204886316640868934, guid: 5097234a820dca242838503cf26fa72c, type: 3}
      propertyPath: m_LocalRotation.w
      value: 0.7071068
      objectReference: {fileID: 0}
    - target: {fileID: 3204886316640868934, guid: 5097234a820dca242838503cf26fa72c, type: 3}
      propertyPath: m_LocalRotation.x
      value: -0.7071068
      objectReference: {fileID: 0}
    - target: {fileID: 3204886316640868934, guid: 5097234a820dca242838503cf26fa72c, type: 3}
      propertyPath: m_LocalRotation.y
      value: -0
      objectReference: {fileID: 0}
    - target: {fileID: 3204886316640868934, guid: 5097234a820dca242838503cf26fa72c, type: 3}
      propertyPath: m_LocalRotation.z
      value: -0
      objectReference: {fileID: 0}
    - target: {fileID: 3204886316640868934, guid: 5097234a820dca242838503cf26fa72c, type: 3}
      propertyPath: m_LocalEulerAnglesHint.x
      value: -90
      objectReference: {fileID: 0}
    - target: {fileID: 3204886316640868934, guid: 5097234a820dca242838503cf26fa72c, type: 3}
      propertyPath: m_LocalEulerAnglesHint.y
      value: 0
      objectReference: {fileID: 0}
    - target: {fileID: 3204886316640868934, guid: 5097234a820dca242838503cf26fa72c, type: 3}
      propertyPath: m_LocalEulerAnglesHint.z
      value: 0
      objectReference: {fileID: 0}
    m_RemovedComponents: []
  m_SourcePrefab: {fileID: 100100000, guid: 5097234a820dca242838503cf26fa72c, type: 3}
--- !u!4 &118697336268010363 stripped
Transform:
  m_CorrespondingSourceObject: {fileID: 3204886316640868934, guid: 5097234a820dca242838503cf26fa72c, type: 3}
  m_PrefabInstance: {fileID: 3305564639993637181}
  m_PrefabAsset: {fileID: 0}
--- !u!1001 &3344623435104661217
PrefabInstance:
  m_ObjectHideFlags: 0
  serializedVersion: 2
  m_Modification:
    m_TransformParent: {fileID: 252311982243992954}
    m_Modifications:
    - target: {fileID: 1910122807768483961, guid: 5097234a820dca242838503cf26fa72c, type: 3}
      propertyPath: m_Name
      value: Bathroom_1x1_Floor (8)
      objectReference: {fileID: 0}
    - target: {fileID: 3204886316640868934, guid: 5097234a820dca242838503cf26fa72c, type: 3}
      propertyPath: m_RootOrder
      value: 8
      objectReference: {fileID: 0}
    - target: {fileID: 3204886316640868934, guid: 5097234a820dca242838503cf26fa72c, type: 3}
      propertyPath: m_LocalPosition.x
      value: -1.0189352
      objectReference: {fileID: 0}
    - target: {fileID: 3204886316640868934, guid: 5097234a820dca242838503cf26fa72c, type: 3}
      propertyPath: m_LocalPosition.y
      value: 0
      objectReference: {fileID: 0}
    - target: {fileID: 3204886316640868934, guid: 5097234a820dca242838503cf26fa72c, type: 3}
      propertyPath: m_LocalPosition.z
      value: 0
      objectReference: {fileID: 0}
    - target: {fileID: 3204886316640868934, guid: 5097234a820dca242838503cf26fa72c, type: 3}
      propertyPath: m_LocalRotation.w
      value: 0.7071068
      objectReference: {fileID: 0}
    - target: {fileID: 3204886316640868934, guid: 5097234a820dca242838503cf26fa72c, type: 3}
      propertyPath: m_LocalRotation.x
      value: -0.7071068
      objectReference: {fileID: 0}
    - target: {fileID: 3204886316640868934, guid: 5097234a820dca242838503cf26fa72c, type: 3}
      propertyPath: m_LocalRotation.y
      value: -0
      objectReference: {fileID: 0}
    - target: {fileID: 3204886316640868934, guid: 5097234a820dca242838503cf26fa72c, type: 3}
      propertyPath: m_LocalRotation.z
      value: -0
      objectReference: {fileID: 0}
    - target: {fileID: 3204886316640868934, guid: 5097234a820dca242838503cf26fa72c, type: 3}
      propertyPath: m_LocalEulerAnglesHint.x
      value: -90
      objectReference: {fileID: 0}
    - target: {fileID: 3204886316640868934, guid: 5097234a820dca242838503cf26fa72c, type: 3}
      propertyPath: m_LocalEulerAnglesHint.y
      value: 0
      objectReference: {fileID: 0}
    - target: {fileID: 3204886316640868934, guid: 5097234a820dca242838503cf26fa72c, type: 3}
      propertyPath: m_LocalEulerAnglesHint.z
      value: 0
      objectReference: {fileID: 0}
    m_RemovedComponents: []
  m_SourcePrefab: {fileID: 100100000, guid: 5097234a820dca242838503cf26fa72c, type: 3}
--- !u!4 &148748894547719335 stripped
Transform:
  m_CorrespondingSourceObject: {fileID: 3204886316640868934, guid: 5097234a820dca242838503cf26fa72c, type: 3}
  m_PrefabInstance: {fileID: 3344623435104661217}
  m_PrefabAsset: {fileID: 0}
--- !u!1001 &3622026733144391282
PrefabInstance:
  m_ObjectHideFlags: 0
  serializedVersion: 2
  m_Modification:
    m_TransformParent: {fileID: 252311982243992954}
    m_Modifications:
    - target: {fileID: 1910122807768483961, guid: 5097234a820dca242838503cf26fa72c, type: 3}
      propertyPath: m_Name
      value: Bathroom_1x1_Floor (12)
      objectReference: {fileID: 0}
    - target: {fileID: 3204886316640868934, guid: 5097234a820dca242838503cf26fa72c, type: 3}
      propertyPath: m_RootOrder
      value: 12
      objectReference: {fileID: 0}
    - target: {fileID: 3204886316640868934, guid: 5097234a820dca242838503cf26fa72c, type: 3}
      propertyPath: m_LocalPosition.x
      value: 4.984196
      objectReference: {fileID: 0}
    - target: {fileID: 3204886316640868934, guid: 5097234a820dca242838503cf26fa72c, type: 3}
      propertyPath: m_LocalPosition.y
      value: 0
      objectReference: {fileID: 0}
    - target: {fileID: 3204886316640868934, guid: 5097234a820dca242838503cf26fa72c, type: 3}
      propertyPath: m_LocalPosition.z
      value: 2
      objectReference: {fileID: 0}
    - target: {fileID: 3204886316640868934, guid: 5097234a820dca242838503cf26fa72c, type: 3}
      propertyPath: m_LocalRotation.w
      value: 0.7071068
      objectReference: {fileID: 0}
    - target: {fileID: 3204886316640868934, guid: 5097234a820dca242838503cf26fa72c, type: 3}
      propertyPath: m_LocalRotation.x
      value: -0.7071068
      objectReference: {fileID: 0}
    - target: {fileID: 3204886316640868934, guid: 5097234a820dca242838503cf26fa72c, type: 3}
      propertyPath: m_LocalRotation.y
      value: -0
      objectReference: {fileID: 0}
    - target: {fileID: 3204886316640868934, guid: 5097234a820dca242838503cf26fa72c, type: 3}
      propertyPath: m_LocalRotation.z
      value: -0
      objectReference: {fileID: 0}
    - target: {fileID: 3204886316640868934, guid: 5097234a820dca242838503cf26fa72c, type: 3}
      propertyPath: m_LocalEulerAnglesHint.x
      value: -90
      objectReference: {fileID: 0}
    - target: {fileID: 3204886316640868934, guid: 5097234a820dca242838503cf26fa72c, type: 3}
      propertyPath: m_LocalEulerAnglesHint.y
      value: 0
      objectReference: {fileID: 0}
    - target: {fileID: 3204886316640868934, guid: 5097234a820dca242838503cf26fa72c, type: 3}
      propertyPath: m_LocalEulerAnglesHint.z
      value: 0
      objectReference: {fileID: 0}
    m_RemovedComponents: []
  m_SourcePrefab: {fileID: 100100000, guid: 5097234a820dca242838503cf26fa72c, type: 3}
--- !u!4 &2179193565172311092 stripped
Transform:
  m_CorrespondingSourceObject: {fileID: 3204886316640868934, guid: 5097234a820dca242838503cf26fa72c, type: 3}
  m_PrefabInstance: {fileID: 3622026733144391282}
  m_PrefabAsset: {fileID: 0}
--- !u!1001 &3703696209657815768
PrefabInstance:
  m_ObjectHideFlags: 0
  serializedVersion: 2
  m_Modification:
    m_TransformParent: {fileID: 252311982243992954}
    m_Modifications:
    - target: {fileID: 1910122807768483961, guid: 5097234a820dca242838503cf26fa72c, type: 3}
      propertyPath: m_Name
      value: Bathroom_1x1_Floor (19)
      objectReference: {fileID: 0}
    - target: {fileID: 3204886316640868934, guid: 5097234a820dca242838503cf26fa72c, type: 3}
      propertyPath: m_RootOrder
      value: 19
      objectReference: {fileID: 0}
    - target: {fileID: 3204886316640868934, guid: 5097234a820dca242838503cf26fa72c, type: 3}
      propertyPath: m_LocalPosition.x
      value: 4.984196
      objectReference: {fileID: 0}
    - target: {fileID: 3204886316640868934, guid: 5097234a820dca242838503cf26fa72c, type: 3}
      propertyPath: m_LocalPosition.y
      value: 0.00000023841858
      objectReference: {fileID: 0}
    - target: {fileID: 3204886316640868934, guid: 5097234a820dca242838503cf26fa72c, type: 3}
      propertyPath: m_LocalPosition.z
      value: 4
      objectReference: {fileID: 0}
    - target: {fileID: 3204886316640868934, guid: 5097234a820dca242838503cf26fa72c, type: 3}
      propertyPath: m_LocalRotation.w
      value: 0.7071068
      objectReference: {fileID: 0}
    - target: {fileID: 3204886316640868934, guid: 5097234a820dca242838503cf26fa72c, type: 3}
      propertyPath: m_LocalRotation.x
      value: -0.7071068
      objectReference: {fileID: 0}
    - target: {fileID: 3204886316640868934, guid: 5097234a820dca242838503cf26fa72c, type: 3}
      propertyPath: m_LocalRotation.y
      value: -0
      objectReference: {fileID: 0}
    - target: {fileID: 3204886316640868934, guid: 5097234a820dca242838503cf26fa72c, type: 3}
      propertyPath: m_LocalRotation.z
      value: -0
      objectReference: {fileID: 0}
    - target: {fileID: 3204886316640868934, guid: 5097234a820dca242838503cf26fa72c, type: 3}
      propertyPath: m_LocalEulerAnglesHint.x
      value: -90
      objectReference: {fileID: 0}
    - target: {fileID: 3204886316640868934, guid: 5097234a820dca242838503cf26fa72c, type: 3}
      propertyPath: m_LocalEulerAnglesHint.y
      value: 0
      objectReference: {fileID: 0}
    - target: {fileID: 3204886316640868934, guid: 5097234a820dca242838503cf26fa72c, type: 3}
      propertyPath: m_LocalEulerAnglesHint.z
      value: 0
      objectReference: {fileID: 0}
    m_RemovedComponents: []
  m_SourcePrefab: {fileID: 100100000, guid: 5097234a820dca242838503cf26fa72c, type: 3}
--- !u!4 &2241709645213137054 stripped
Transform:
  m_CorrespondingSourceObject: {fileID: 3204886316640868934, guid: 5097234a820dca242838503cf26fa72c, type: 3}
  m_PrefabInstance: {fileID: 3703696209657815768}
  m_PrefabAsset: {fileID: 0}
--- !u!1001 &3916606384689896338
PrefabInstance:
  m_ObjectHideFlags: 0
  serializedVersion: 2
  m_Modification:
    m_TransformParent: {fileID: 252311982243992954}
    m_Modifications:
    - target: {fileID: 1910122807768483961, guid: 5097234a820dca242838503cf26fa72c, type: 3}
      propertyPath: m_Name
      value: Bathroom_1x1_Floor (20)
      objectReference: {fileID: 0}
    - target: {fileID: 3204886316640868934, guid: 5097234a820dca242838503cf26fa72c, type: 3}
      propertyPath: m_RootOrder
      value: 20
      objectReference: {fileID: 0}
    - target: {fileID: 3204886316640868934, guid: 5097234a820dca242838503cf26fa72c, type: 3}
      propertyPath: m_LocalPosition.x
      value: 6.9852386
      objectReference: {fileID: 0}
    - target: {fileID: 3204886316640868934, guid: 5097234a820dca242838503cf26fa72c, type: 3}
      propertyPath: m_LocalPosition.y
      value: -0.00000059604645
      objectReference: {fileID: 0}
    - target: {fileID: 3204886316640868934, guid: 5097234a820dca242838503cf26fa72c, type: 3}
      propertyPath: m_LocalPosition.z
      value: 0.0000038146973
      objectReference: {fileID: 0}
    - target: {fileID: 3204886316640868934, guid: 5097234a820dca242838503cf26fa72c, type: 3}
      propertyPath: m_LocalRotation.w
      value: 0.7071068
      objectReference: {fileID: 0}
    - target: {fileID: 3204886316640868934, guid: 5097234a820dca242838503cf26fa72c, type: 3}
      propertyPath: m_LocalRotation.x
      value: -0.7071068
      objectReference: {fileID: 0}
    - target: {fileID: 3204886316640868934, guid: 5097234a820dca242838503cf26fa72c, type: 3}
      propertyPath: m_LocalRotation.y
      value: -0
      objectReference: {fileID: 0}
    - target: {fileID: 3204886316640868934, guid: 5097234a820dca242838503cf26fa72c, type: 3}
      propertyPath: m_LocalRotation.z
      value: -0
      objectReference: {fileID: 0}
    - target: {fileID: 3204886316640868934, guid: 5097234a820dca242838503cf26fa72c, type: 3}
      propertyPath: m_LocalEulerAnglesHint.x
      value: -90
      objectReference: {fileID: 0}
    - target: {fileID: 3204886316640868934, guid: 5097234a820dca242838503cf26fa72c, type: 3}
      propertyPath: m_LocalEulerAnglesHint.y
      value: 0
      objectReference: {fileID: 0}
    - target: {fileID: 3204886316640868934, guid: 5097234a820dca242838503cf26fa72c, type: 3}
      propertyPath: m_LocalEulerAnglesHint.z
      value: 0
      objectReference: {fileID: 0}
    m_RemovedComponents: []
  m_SourcePrefab: {fileID: 100100000, guid: 5097234a820dca242838503cf26fa72c, type: 3}
--- !u!4 &1882680422430949844 stripped
Transform:
  m_CorrespondingSourceObject: {fileID: 3204886316640868934, guid: 5097234a820dca242838503cf26fa72c, type: 3}
  m_PrefabInstance: {fileID: 3916606384689896338}
  m_PrefabAsset: {fileID: 0}
--- !u!1001 &4372052754131944783
PrefabInstance:
  m_ObjectHideFlags: 0
  serializedVersion: 2
  m_Modification:
    m_TransformParent: {fileID: 252311982243992954}
    m_Modifications:
    - target: {fileID: 1910122807768483961, guid: 5097234a820dca242838503cf26fa72c, type: 3}
      propertyPath: m_Name
      value: Bathroom_1x1_Floor (1)
      objectReference: {fileID: 0}
    - target: {fileID: 3204886316640868934, guid: 5097234a820dca242838503cf26fa72c, type: 3}
      propertyPath: m_RootOrder
      value: 1
      objectReference: {fileID: 0}
    - target: {fileID: 3204886316640868934, guid: 5097234a820dca242838503cf26fa72c, type: 3}
      propertyPath: m_LocalPosition.x
      value: -3.01998
      objectReference: {fileID: 0}
    - target: {fileID: 3204886316640868934, guid: 5097234a820dca242838503cf26fa72c, type: 3}
      propertyPath: m_LocalPosition.y
      value: 0
      objectReference: {fileID: 0}
    - target: {fileID: 3204886316640868934, guid: 5097234a820dca242838503cf26fa72c, type: 3}
      propertyPath: m_LocalPosition.z
      value: 0
      objectReference: {fileID: 0}
    - target: {fileID: 3204886316640868934, guid: 5097234a820dca242838503cf26fa72c, type: 3}
      propertyPath: m_LocalRotation.w
      value: 0.7071068
      objectReference: {fileID: 0}
    - target: {fileID: 3204886316640868934, guid: 5097234a820dca242838503cf26fa72c, type: 3}
      propertyPath: m_LocalRotation.x
      value: -0.7071068
      objectReference: {fileID: 0}
    - target: {fileID: 3204886316640868934, guid: 5097234a820dca242838503cf26fa72c, type: 3}
      propertyPath: m_LocalRotation.y
      value: -0
      objectReference: {fileID: 0}
    - target: {fileID: 3204886316640868934, guid: 5097234a820dca242838503cf26fa72c, type: 3}
      propertyPath: m_LocalRotation.z
      value: -0
      objectReference: {fileID: 0}
    - target: {fileID: 3204886316640868934, guid: 5097234a820dca242838503cf26fa72c, type: 3}
      propertyPath: m_LocalEulerAnglesHint.x
      value: -90
      objectReference: {fileID: 0}
    - target: {fileID: 3204886316640868934, guid: 5097234a820dca242838503cf26fa72c, type: 3}
      propertyPath: m_LocalEulerAnglesHint.y
      value: 0
      objectReference: {fileID: 0}
    - target: {fileID: 3204886316640868934, guid: 5097234a820dca242838503cf26fa72c, type: 3}
      propertyPath: m_LocalEulerAnglesHint.z
      value: 0
      objectReference: {fileID: 0}
    m_RemovedComponents: []
  m_SourcePrefab: {fileID: 100100000, guid: 5097234a820dca242838503cf26fa72c, type: 3}
--- !u!4 &1213348254824931081 stripped
Transform:
  m_CorrespondingSourceObject: {fileID: 3204886316640868934, guid: 5097234a820dca242838503cf26fa72c, type: 3}
  m_PrefabInstance: {fileID: 4372052754131944783}
  m_PrefabAsset: {fileID: 0}
--- !u!1001 &4644275772144603873
PrefabInstance:
  m_ObjectHideFlags: 0
  serializedVersion: 2
  m_Modification:
    m_TransformParent: {fileID: 252311982243992954}
    m_Modifications:
    - target: {fileID: 1910122807768483961, guid: 5097234a820dca242838503cf26fa72c, type: 3}
      propertyPath: m_Name
      value: Bathroom_1x1_Floor (15)
      objectReference: {fileID: 0}
    - target: {fileID: 3204886316640868934, guid: 5097234a820dca242838503cf26fa72c, type: 3}
      propertyPath: m_RootOrder
      value: 15
      objectReference: {fileID: 0}
    - target: {fileID: 3204886316640868934, guid: 5097234a820dca242838503cf26fa72c, type: 3}
      propertyPath: m_LocalPosition.x
      value: -3.01998
      objectReference: {fileID: 0}
    - target: {fileID: 3204886316640868934, guid: 5097234a820dca242838503cf26fa72c, type: 3}
      propertyPath: m_LocalPosition.y
      value: 0.00000023841858
      objectReference: {fileID: 0}
    - target: {fileID: 3204886316640868934, guid: 5097234a820dca242838503cf26fa72c, type: 3}
      propertyPath: m_LocalPosition.z
      value: 4
      objectReference: {fileID: 0}
    - target: {fileID: 3204886316640868934, guid: 5097234a820dca242838503cf26fa72c, type: 3}
      propertyPath: m_LocalRotation.w
      value: 0.7071068
      objectReference: {fileID: 0}
    - target: {fileID: 3204886316640868934, guid: 5097234a820dca242838503cf26fa72c, type: 3}
      propertyPath: m_LocalRotation.x
      value: -0.7071068
      objectReference: {fileID: 0}
    - target: {fileID: 3204886316640868934, guid: 5097234a820dca242838503cf26fa72c, type: 3}
      propertyPath: m_LocalRotation.y
      value: -0
      objectReference: {fileID: 0}
    - target: {fileID: 3204886316640868934, guid: 5097234a820dca242838503cf26fa72c, type: 3}
      propertyPath: m_LocalRotation.z
      value: -0
      objectReference: {fileID: 0}
    - target: {fileID: 3204886316640868934, guid: 5097234a820dca242838503cf26fa72c, type: 3}
      propertyPath: m_LocalEulerAnglesHint.x
      value: -90
      objectReference: {fileID: 0}
    - target: {fileID: 3204886316640868934, guid: 5097234a820dca242838503cf26fa72c, type: 3}
      propertyPath: m_LocalEulerAnglesHint.y
      value: 0
      objectReference: {fileID: 0}
    - target: {fileID: 3204886316640868934, guid: 5097234a820dca242838503cf26fa72c, type: 3}
      propertyPath: m_LocalEulerAnglesHint.z
      value: 0
      objectReference: {fileID: 0}
    m_RemovedComponents: []
  m_SourcePrefab: {fileID: 100100000, guid: 5097234a820dca242838503cf26fa72c, type: 3}
--- !u!4 &7784968018815240359 stripped
Transform:
  m_CorrespondingSourceObject: {fileID: 3204886316640868934, guid: 5097234a820dca242838503cf26fa72c, type: 3}
  m_PrefabInstance: {fileID: 4644275772144603873}
  m_PrefabAsset: {fileID: 0}
--- !u!1001 &4821183012363809863
PrefabInstance:
  m_ObjectHideFlags: 0
  serializedVersion: 2
  m_Modification:
    m_TransformParent: {fileID: 252311982243992954}
    m_Modifications:
    - target: {fileID: 1910122807768483961, guid: 5097234a820dca242838503cf26fa72c, type: 3}
      propertyPath: m_Name
      value: Bathroom_1x1_Floor (5)
      objectReference: {fileID: 0}
    - target: {fileID: 3204886316640868934, guid: 5097234a820dca242838503cf26fa72c, type: 3}
      propertyPath: m_RootOrder
      value: 5
      objectReference: {fileID: 0}
    - target: {fileID: 3204886316640868934, guid: 5097234a820dca242838503cf26fa72c, type: 3}
      propertyPath: m_LocalPosition.x
      value: 2.9831524
      objectReference: {fileID: 0}
    - target: {fileID: 3204886316640868934, guid: 5097234a820dca242838503cf26fa72c, type: 3}
      propertyPath: m_LocalPosition.y
      value: 0
      objectReference: {fileID: 0}
    - target: {fileID: 3204886316640868934, guid: 5097234a820dca242838503cf26fa72c, type: 3}
      propertyPath: m_LocalPosition.z
      value: -2
      objectReference: {fileID: 0}
    - target: {fileID: 3204886316640868934, guid: 5097234a820dca242838503cf26fa72c, type: 3}
      propertyPath: m_LocalRotation.w
      value: 0.7071068
      objectReference: {fileID: 0}
    - target: {fileID: 3204886316640868934, guid: 5097234a820dca242838503cf26fa72c, type: 3}
      propertyPath: m_LocalRotation.x
      value: -0.7071068
      objectReference: {fileID: 0}
    - target: {fileID: 3204886316640868934, guid: 5097234a820dca242838503cf26fa72c, type: 3}
      propertyPath: m_LocalRotation.y
      value: -0
      objectReference: {fileID: 0}
    - target: {fileID: 3204886316640868934, guid: 5097234a820dca242838503cf26fa72c, type: 3}
      propertyPath: m_LocalRotation.z
      value: -0
      objectReference: {fileID: 0}
    - target: {fileID: 3204886316640868934, guid: 5097234a820dca242838503cf26fa72c, type: 3}
      propertyPath: m_LocalEulerAnglesHint.x
      value: -90
      objectReference: {fileID: 0}
    - target: {fileID: 3204886316640868934, guid: 5097234a820dca242838503cf26fa72c, type: 3}
      propertyPath: m_LocalEulerAnglesHint.y
      value: 0
      objectReference: {fileID: 0}
    - target: {fileID: 3204886316640868934, guid: 5097234a820dca242838503cf26fa72c, type: 3}
      propertyPath: m_LocalEulerAnglesHint.z
      value: 0
      objectReference: {fileID: 0}
    m_RemovedComponents: []
  m_SourcePrefab: {fileID: 100100000, guid: 5097234a820dca242838503cf26fa72c, type: 3}
--- !u!4 &7967504873479745025 stripped
Transform:
  m_CorrespondingSourceObject: {fileID: 3204886316640868934, guid: 5097234a820dca242838503cf26fa72c, type: 3}
  m_PrefabInstance: {fileID: 4821183012363809863}
  m_PrefabAsset: {fileID: 0}
--- !u!1001 &5078771471887840942
PrefabInstance:
  m_ObjectHideFlags: 0
  serializedVersion: 2
  m_Modification:
    m_TransformParent: {fileID: 252311982243992954}
    m_Modifications:
    - target: {fileID: 1910122807768483961, guid: 5097234a820dca242838503cf26fa72c, type: 3}
      propertyPath: m_Name
      value: Bathroom_1x1_Floor (16)
      objectReference: {fileID: 0}
    - target: {fileID: 3204886316640868934, guid: 5097234a820dca242838503cf26fa72c, type: 3}
      propertyPath: m_RootOrder
      value: 16
      objectReference: {fileID: 0}
    - target: {fileID: 3204886316640868934, guid: 5097234a820dca242838503cf26fa72c, type: 3}
      propertyPath: m_LocalPosition.x
      value: -1.0189352
      objectReference: {fileID: 0}
    - target: {fileID: 3204886316640868934, guid: 5097234a820dca242838503cf26fa72c, type: 3}
      propertyPath: m_LocalPosition.y
      value: 0.00000023841858
      objectReference: {fileID: 0}
    - target: {fileID: 3204886316640868934, guid: 5097234a820dca242838503cf26fa72c, type: 3}
      propertyPath: m_LocalPosition.z
      value: 4
      objectReference: {fileID: 0}
    - target: {fileID: 3204886316640868934, guid: 5097234a820dca242838503cf26fa72c, type: 3}
      propertyPath: m_LocalRotation.w
      value: 0.7071068
      objectReference: {fileID: 0}
    - target: {fileID: 3204886316640868934, guid: 5097234a820dca242838503cf26fa72c, type: 3}
      propertyPath: m_LocalRotation.x
      value: -0.7071068
      objectReference: {fileID: 0}
    - target: {fileID: 3204886316640868934, guid: 5097234a820dca242838503cf26fa72c, type: 3}
      propertyPath: m_LocalRotation.y
      value: -0
      objectReference: {fileID: 0}
    - target: {fileID: 3204886316640868934, guid: 5097234a820dca242838503cf26fa72c, type: 3}
      propertyPath: m_LocalRotation.z
      value: -0
      objectReference: {fileID: 0}
    - target: {fileID: 3204886316640868934, guid: 5097234a820dca242838503cf26fa72c, type: 3}
      propertyPath: m_LocalEulerAnglesHint.x
      value: -90
      objectReference: {fileID: 0}
    - target: {fileID: 3204886316640868934, guid: 5097234a820dca242838503cf26fa72c, type: 3}
      propertyPath: m_LocalEulerAnglesHint.y
      value: 0
      objectReference: {fileID: 0}
    - target: {fileID: 3204886316640868934, guid: 5097234a820dca242838503cf26fa72c, type: 3}
      propertyPath: m_LocalEulerAnglesHint.z
      value: 0
      objectReference: {fileID: 0}
    m_RemovedComponents: []
  m_SourcePrefab: {fileID: 100100000, guid: 5097234a820dca242838503cf26fa72c, type: 3}
--- !u!4 &7638492688502795496 stripped
Transform:
  m_CorrespondingSourceObject: {fileID: 3204886316640868934, guid: 5097234a820dca242838503cf26fa72c, type: 3}
  m_PrefabInstance: {fileID: 5078771471887840942}
  m_PrefabAsset: {fileID: 0}
--- !u!1001 &5299100509184846064
PrefabInstance:
  m_ObjectHideFlags: 0
  serializedVersion: 2
  m_Modification:
    m_TransformParent: {fileID: 252311982243992954}
    m_Modifications:
    - target: {fileID: 1910122807768483961, guid: 5097234a820dca242838503cf26fa72c, type: 3}
      propertyPath: m_Name
      value: Bathroom_1x1_Floor
      objectReference: {fileID: 0}
    - target: {fileID: 3204886316640868934, guid: 5097234a820dca242838503cf26fa72c, type: 3}
      propertyPath: m_RootOrder
      value: 0
      objectReference: {fileID: 0}
    - target: {fileID: 3204886316640868934, guid: 5097234a820dca242838503cf26fa72c, type: 3}
      propertyPath: m_LocalPosition.x
      value: -3.01998
      objectReference: {fileID: 0}
    - target: {fileID: 3204886316640868934, guid: 5097234a820dca242838503cf26fa72c, type: 3}
      propertyPath: m_LocalPosition.y
      value: 0
      objectReference: {fileID: 0}
    - target: {fileID: 3204886316640868934, guid: 5097234a820dca242838503cf26fa72c, type: 3}
      propertyPath: m_LocalPosition.z
      value: -2
      objectReference: {fileID: 0}
    - target: {fileID: 3204886316640868934, guid: 5097234a820dca242838503cf26fa72c, type: 3}
      propertyPath: m_LocalRotation.w
      value: 0.7071068
      objectReference: {fileID: 0}
    - target: {fileID: 3204886316640868934, guid: 5097234a820dca242838503cf26fa72c, type: 3}
      propertyPath: m_LocalRotation.x
      value: -0.7071068
      objectReference: {fileID: 0}
    - target: {fileID: 3204886316640868934, guid: 5097234a820dca242838503cf26fa72c, type: 3}
      propertyPath: m_LocalRotation.y
      value: -0
      objectReference: {fileID: 0}
    - target: {fileID: 3204886316640868934, guid: 5097234a820dca242838503cf26fa72c, type: 3}
      propertyPath: m_LocalRotation.z
      value: -0
      objectReference: {fileID: 0}
    - target: {fileID: 3204886316640868934, guid: 5097234a820dca242838503cf26fa72c, type: 3}
      propertyPath: m_LocalEulerAnglesHint.x
      value: -90
      objectReference: {fileID: 0}
    - target: {fileID: 3204886316640868934, guid: 5097234a820dca242838503cf26fa72c, type: 3}
      propertyPath: m_LocalEulerAnglesHint.y
      value: 0
      objectReference: {fileID: 0}
    - target: {fileID: 3204886316640868934, guid: 5097234a820dca242838503cf26fa72c, type: 3}
      propertyPath: m_LocalEulerAnglesHint.z
      value: 0
      objectReference: {fileID: 0}
    m_RemovedComponents: []
  m_SourcePrefab: {fileID: 100100000, guid: 5097234a820dca242838503cf26fa72c, type: 3}
--- !u!4 &7345411440765727414 stripped
Transform:
  m_CorrespondingSourceObject: {fileID: 3204886316640868934, guid: 5097234a820dca242838503cf26fa72c, type: 3}
  m_PrefabInstance: {fileID: 5299100509184846064}
  m_PrefabAsset: {fileID: 0}
--- !u!1001 &5336259217656702221
PrefabInstance:
  m_ObjectHideFlags: 0
  serializedVersion: 2
  m_Modification:
    m_TransformParent: {fileID: 252311982243992954}
    m_Modifications:
    - target: {fileID: 1910122807768483961, guid: 5097234a820dca242838503cf26fa72c, type: 3}
      propertyPath: m_Name
      value: Bathroom_1x1_Floor (23)
      objectReference: {fileID: 0}
    - target: {fileID: 3204886316640868934, guid: 5097234a820dca242838503cf26fa72c, type: 3}
      propertyPath: m_RootOrder
      value: 23
      objectReference: {fileID: 0}
    - target: {fileID: 3204886316640868934, guid: 5097234a820dca242838503cf26fa72c, type: 3}
      propertyPath: m_LocalPosition.x
      value: 6.985238
      objectReference: {fileID: 0}
    - target: {fileID: 3204886316640868934, guid: 5097234a820dca242838503cf26fa72c, type: 3}
      propertyPath: m_LocalPosition.y
      value: -0.00000059604645
      objectReference: {fileID: 0}
    - target: {fileID: 3204886316640868934, guid: 5097234a820dca242838503cf26fa72c, type: 3}
      propertyPath: m_LocalPosition.z
      value: 4.000004
      objectReference: {fileID: 0}
    - target: {fileID: 3204886316640868934, guid: 5097234a820dca242838503cf26fa72c, type: 3}
      propertyPath: m_LocalRotation.w
      value: 0.7071068
      objectReference: {fileID: 0}
    - target: {fileID: 3204886316640868934, guid: 5097234a820dca242838503cf26fa72c, type: 3}
      propertyPath: m_LocalRotation.x
      value: -0.7071068
      objectReference: {fileID: 0}
    - target: {fileID: 3204886316640868934, guid: 5097234a820dca242838503cf26fa72c, type: 3}
      propertyPath: m_LocalRotation.y
      value: -0
      objectReference: {fileID: 0}
    - target: {fileID: 3204886316640868934, guid: 5097234a820dca242838503cf26fa72c, type: 3}
      propertyPath: m_LocalRotation.z
      value: -0
      objectReference: {fileID: 0}
    - target: {fileID: 3204886316640868934, guid: 5097234a820dca242838503cf26fa72c, type: 3}
      propertyPath: m_LocalEulerAnglesHint.x
      value: -90
      objectReference: {fileID: 0}
    - target: {fileID: 3204886316640868934, guid: 5097234a820dca242838503cf26fa72c, type: 3}
      propertyPath: m_LocalEulerAnglesHint.y
      value: 0
      objectReference: {fileID: 0}
    - target: {fileID: 3204886316640868934, guid: 5097234a820dca242838503cf26fa72c, type: 3}
      propertyPath: m_LocalEulerAnglesHint.z
      value: 0
      objectReference: {fileID: 0}
    m_RemovedComponents: []
  m_SourcePrefab: {fileID: 100100000, guid: 5097234a820dca242838503cf26fa72c, type: 3}
--- !u!4 &7382587689858989899 stripped
Transform:
  m_CorrespondingSourceObject: {fileID: 3204886316640868934, guid: 5097234a820dca242838503cf26fa72c, type: 3}
  m_PrefabInstance: {fileID: 5336259217656702221}
  m_PrefabAsset: {fileID: 0}
--- !u!1001 &6020764966364784267
PrefabInstance:
  m_ObjectHideFlags: 0
  serializedVersion: 2
  m_Modification:
    m_TransformParent: {fileID: 252311982243992954}
    m_Modifications:
    - target: {fileID: 1910122807768483961, guid: 5097234a820dca242838503cf26fa72c, type: 3}
      propertyPath: m_Name
      value: Bathroom_1x1_Floor (9)
      objectReference: {fileID: 0}
    - target: {fileID: 3204886316640868934, guid: 5097234a820dca242838503cf26fa72c, type: 3}
      propertyPath: m_RootOrder
      value: 9
      objectReference: {fileID: 0}
    - target: {fileID: 3204886316640868934, guid: 5097234a820dca242838503cf26fa72c, type: 3}
      propertyPath: m_LocalPosition.x
      value: -1.0189352
      objectReference: {fileID: 0}
    - target: {fileID: 3204886316640868934, guid: 5097234a820dca242838503cf26fa72c, type: 3}
      propertyPath: m_LocalPosition.y
      value: 0
      objectReference: {fileID: 0}
    - target: {fileID: 3204886316640868934, guid: 5097234a820dca242838503cf26fa72c, type: 3}
      propertyPath: m_LocalPosition.z
      value: 2
      objectReference: {fileID: 0}
    - target: {fileID: 3204886316640868934, guid: 5097234a820dca242838503cf26fa72c, type: 3}
      propertyPath: m_LocalRotation.w
      value: 0.7071068
      objectReference: {fileID: 0}
    - target: {fileID: 3204886316640868934, guid: 5097234a820dca242838503cf26fa72c, type: 3}
      propertyPath: m_LocalRotation.x
      value: -0.7071068
      objectReference: {fileID: 0}
    - target: {fileID: 3204886316640868934, guid: 5097234a820dca242838503cf26fa72c, type: 3}
      propertyPath: m_LocalRotation.y
      value: -0
      objectReference: {fileID: 0}
    - target: {fileID: 3204886316640868934, guid: 5097234a820dca242838503cf26fa72c, type: 3}
      propertyPath: m_LocalRotation.z
      value: -0
      objectReference: {fileID: 0}
    - target: {fileID: 3204886316640868934, guid: 5097234a820dca242838503cf26fa72c, type: 3}
      propertyPath: m_LocalEulerAnglesHint.x
      value: -90
      objectReference: {fileID: 0}
    - target: {fileID: 3204886316640868934, guid: 5097234a820dca242838503cf26fa72c, type: 3}
      propertyPath: m_LocalEulerAnglesHint.y
      value: 0
      objectReference: {fileID: 0}
    - target: {fileID: 3204886316640868934, guid: 5097234a820dca242838503cf26fa72c, type: 3}
      propertyPath: m_LocalEulerAnglesHint.z
      value: 0
      objectReference: {fileID: 0}
    m_RemovedComponents: []
  m_SourcePrefab: {fileID: 100100000, guid: 5097234a820dca242838503cf26fa72c, type: 3}
--- !u!4 &9220001800053701837 stripped
Transform:
  m_CorrespondingSourceObject: {fileID: 3204886316640868934, guid: 5097234a820dca242838503cf26fa72c, type: 3}
  m_PrefabInstance: {fileID: 6020764966364784267}
  m_PrefabAsset: {fileID: 0}
--- !u!1001 &7077188593898483128
PrefabInstance:
  m_ObjectHideFlags: 0
  serializedVersion: 2
  m_Modification:
    m_TransformParent: {fileID: 252311982243992954}
    m_Modifications:
    - target: {fileID: 1910122807768483961, guid: 5097234a820dca242838503cf26fa72c, type: 3}
      propertyPath: m_Name
      value: Bathroom_1x1_Floor (22)
      objectReference: {fileID: 0}
    - target: {fileID: 3204886316640868934, guid: 5097234a820dca242838503cf26fa72c, type: 3}
      propertyPath: m_RootOrder
      value: 22
      objectReference: {fileID: 0}
    - target: {fileID: 3204886316640868934, guid: 5097234a820dca242838503cf26fa72c, type: 3}
      propertyPath: m_LocalPosition.x
      value: 6.9852386
      objectReference: {fileID: 0}
    - target: {fileID: 3204886316640868934, guid: 5097234a820dca242838503cf26fa72c, type: 3}
      propertyPath: m_LocalPosition.y
      value: -0.000000834465
      objectReference: {fileID: 0}
    - target: {fileID: 3204886316640868934, guid: 5097234a820dca242838503cf26fa72c, type: 3}
      propertyPath: m_LocalPosition.z
      value: -1.9999962
      objectReference: {fileID: 0}
    - target: {fileID: 3204886316640868934, guid: 5097234a820dca242838503cf26fa72c, type: 3}
      propertyPath: m_LocalRotation.w
      value: 0.7071068
      objectReference: {fileID: 0}
    - target: {fileID: 3204886316640868934, guid: 5097234a820dca242838503cf26fa72c, type: 3}
      propertyPath: m_LocalRotation.x
      value: -0.7071068
      objectReference: {fileID: 0}
    - target: {fileID: 3204886316640868934, guid: 5097234a820dca242838503cf26fa72c, type: 3}
      propertyPath: m_LocalRotation.y
      value: -0
      objectReference: {fileID: 0}
    - target: {fileID: 3204886316640868934, guid: 5097234a820dca242838503cf26fa72c, type: 3}
      propertyPath: m_LocalRotation.z
      value: -0
      objectReference: {fileID: 0}
    - target: {fileID: 3204886316640868934, guid: 5097234a820dca242838503cf26fa72c, type: 3}
      propertyPath: m_LocalEulerAnglesHint.x
      value: -90
      objectReference: {fileID: 0}
    - target: {fileID: 3204886316640868934, guid: 5097234a820dca242838503cf26fa72c, type: 3}
      propertyPath: m_LocalEulerAnglesHint.y
      value: 0
      objectReference: {fileID: 0}
    - target: {fileID: 3204886316640868934, guid: 5097234a820dca242838503cf26fa72c, type: 3}
      propertyPath: m_LocalEulerAnglesHint.z
      value: 0
      objectReference: {fileID: 0}
    m_RemovedComponents: []
  m_SourcePrefab: {fileID: 100100000, guid: 5097234a820dca242838503cf26fa72c, type: 3}
--- !u!4 &5642221538244589566 stripped
Transform:
  m_CorrespondingSourceObject: {fileID: 3204886316640868934, guid: 5097234a820dca242838503cf26fa72c, type: 3}
  m_PrefabInstance: {fileID: 7077188593898483128}
  m_PrefabAsset: {fileID: 0}
--- !u!1001 &7990539070840474983
PrefabInstance:
  m_ObjectHideFlags: 0
  serializedVersion: 2
  m_Modification:
    m_TransformParent: {fileID: 252311982243992954}
    m_Modifications:
    - target: {fileID: 1910122807768483961, guid: 5097234a820dca242838503cf26fa72c, type: 3}
      propertyPath: m_Name
      value: Bathroom_1x1_Floor (18)
      objectReference: {fileID: 0}
    - target: {fileID: 3204886316640868934, guid: 5097234a820dca242838503cf26fa72c, type: 3}
      propertyPath: m_RootOrder
      value: 18
      objectReference: {fileID: 0}
    - target: {fileID: 3204886316640868934, guid: 5097234a820dca242838503cf26fa72c, type: 3}
      propertyPath: m_LocalPosition.x
      value: 2.9831524
      objectReference: {fileID: 0}
    - target: {fileID: 3204886316640868934, guid: 5097234a820dca242838503cf26fa72c, type: 3}
      propertyPath: m_LocalPosition.y
      value: 0.00000023841858
      objectReference: {fileID: 0}
    - target: {fileID: 3204886316640868934, guid: 5097234a820dca242838503cf26fa72c, type: 3}
      propertyPath: m_LocalPosition.z
      value: 4
      objectReference: {fileID: 0}
    - target: {fileID: 3204886316640868934, guid: 5097234a820dca242838503cf26fa72c, type: 3}
      propertyPath: m_LocalRotation.w
      value: 0.7071068
      objectReference: {fileID: 0}
    - target: {fileID: 3204886316640868934, guid: 5097234a820dca242838503cf26fa72c, type: 3}
      propertyPath: m_LocalRotation.x
      value: -0.7071068
      objectReference: {fileID: 0}
    - target: {fileID: 3204886316640868934, guid: 5097234a820dca242838503cf26fa72c, type: 3}
      propertyPath: m_LocalRotation.y
      value: -0
      objectReference: {fileID: 0}
    - target: {fileID: 3204886316640868934, guid: 5097234a820dca242838503cf26fa72c, type: 3}
      propertyPath: m_LocalRotation.z
      value: -0
      objectReference: {fileID: 0}
    - target: {fileID: 3204886316640868934, guid: 5097234a820dca242838503cf26fa72c, type: 3}
      propertyPath: m_LocalEulerAnglesHint.x
      value: -90
      objectReference: {fileID: 0}
    - target: {fileID: 3204886316640868934, guid: 5097234a820dca242838503cf26fa72c, type: 3}
      propertyPath: m_LocalEulerAnglesHint.y
      value: 0
      objectReference: {fileID: 0}
    - target: {fileID: 3204886316640868934, guid: 5097234a820dca242838503cf26fa72c, type: 3}
      propertyPath: m_LocalEulerAnglesHint.z
      value: 0
      objectReference: {fileID: 0}
    m_RemovedComponents: []
  m_SourcePrefab: {fileID: 100100000, guid: 5097234a820dca242838503cf26fa72c, type: 3}
--- !u!4 &4800296161211586337 stripped
Transform:
  m_CorrespondingSourceObject: {fileID: 3204886316640868934, guid: 5097234a820dca242838503cf26fa72c, type: 3}
  m_PrefabInstance: {fileID: 7990539070840474983}
  m_PrefabAsset: {fileID: 0}
--- !u!1001 &8485490465152635008
PrefabInstance:
  m_ObjectHideFlags: 0
  serializedVersion: 2
  m_Modification:
    m_TransformParent: {fileID: 252311982243992954}
    m_Modifications:
    - target: {fileID: 1910122807768483961, guid: 5097234a820dca242838503cf26fa72c, type: 3}
      propertyPath: m_Name
      value: Bathroom_1x1_Floor (21)
      objectReference: {fileID: 0}
    - target: {fileID: 3204886316640868934, guid: 5097234a820dca242838503cf26fa72c, type: 3}
      propertyPath: m_RootOrder
      value: 21
      objectReference: {fileID: 0}
    - target: {fileID: 3204886316640868934, guid: 5097234a820dca242838503cf26fa72c, type: 3}
      propertyPath: m_LocalPosition.x
      value: 6.985238
      objectReference: {fileID: 0}
    - target: {fileID: 3204886316640868934, guid: 5097234a820dca242838503cf26fa72c, type: 3}
      propertyPath: m_LocalPosition.y
      value: -0.000000834465
      objectReference: {fileID: 0}
    - target: {fileID: 3204886316640868934, guid: 5097234a820dca242838503cf26fa72c, type: 3}
      propertyPath: m_LocalPosition.z
      value: 2.0000038
      objectReference: {fileID: 0}
    - target: {fileID: 3204886316640868934, guid: 5097234a820dca242838503cf26fa72c, type: 3}
      propertyPath: m_LocalRotation.w
      value: 0.7071068
      objectReference: {fileID: 0}
    - target: {fileID: 3204886316640868934, guid: 5097234a820dca242838503cf26fa72c, type: 3}
      propertyPath: m_LocalRotation.x
      value: -0.7071068
      objectReference: {fileID: 0}
    - target: {fileID: 3204886316640868934, guid: 5097234a820dca242838503cf26fa72c, type: 3}
      propertyPath: m_LocalRotation.y
      value: -0
      objectReference: {fileID: 0}
    - target: {fileID: 3204886316640868934, guid: 5097234a820dca242838503cf26fa72c, type: 3}
      propertyPath: m_LocalRotation.z
      value: -0
      objectReference: {fileID: 0}
    - target: {fileID: 3204886316640868934, guid: 5097234a820dca242838503cf26fa72c, type: 3}
      propertyPath: m_LocalEulerAnglesHint.x
      value: -90
      objectReference: {fileID: 0}
    - target: {fileID: 3204886316640868934, guid: 5097234a820dca242838503cf26fa72c, type: 3}
      propertyPath: m_LocalEulerAnglesHint.y
      value: 0
      objectReference: {fileID: 0}
    - target: {fileID: 3204886316640868934, guid: 5097234a820dca242838503cf26fa72c, type: 3}
      propertyPath: m_LocalEulerAnglesHint.z
      value: 0
      objectReference: {fileID: 0}
    m_RemovedComponents: []
  m_SourcePrefab: {fileID: 100100000, guid: 5097234a820dca242838503cf26fa72c, type: 3}
--- !u!4 &6465075050520283846 stripped
Transform:
  m_CorrespondingSourceObject: {fileID: 3204886316640868934, guid: 5097234a820dca242838503cf26fa72c, type: 3}
  m_PrefabInstance: {fileID: 8485490465152635008}
  m_PrefabAsset: {fileID: 0}
--- !u!1001 &8487530227556902691
PrefabInstance:
  m_ObjectHideFlags: 0
  serializedVersion: 2
  m_Modification:
    m_TransformParent: {fileID: 252311982243992954}
    m_Modifications:
    - target: {fileID: 1910122807768483961, guid: 5097234a820dca242838503cf26fa72c, type: 3}
      propertyPath: m_Name
      value: Bathroom_1x1_Floor (10)
      objectReference: {fileID: 0}
    - target: {fileID: 3204886316640868934, guid: 5097234a820dca242838503cf26fa72c, type: 3}
      propertyPath: m_RootOrder
      value: 10
      objectReference: {fileID: 0}
    - target: {fileID: 3204886316640868934, guid: 5097234a820dca242838503cf26fa72c, type: 3}
      propertyPath: m_LocalPosition.x
      value: 0.9821086
      objectReference: {fileID: 0}
    - target: {fileID: 3204886316640868934, guid: 5097234a820dca242838503cf26fa72c, type: 3}
      propertyPath: m_LocalPosition.y
      value: 0
      objectReference: {fileID: 0}
    - target: {fileID: 3204886316640868934, guid: 5097234a820dca242838503cf26fa72c, type: 3}
      propertyPath: m_LocalPosition.z
      value: 2
      objectReference: {fileID: 0}
    - target: {fileID: 3204886316640868934, guid: 5097234a820dca242838503cf26fa72c, type: 3}
      propertyPath: m_LocalRotation.w
      value: 0.7071068
      objectReference: {fileID: 0}
    - target: {fileID: 3204886316640868934, guid: 5097234a820dca242838503cf26fa72c, type: 3}
      propertyPath: m_LocalRotation.x
      value: -0.7071068
      objectReference: {fileID: 0}
    - target: {fileID: 3204886316640868934, guid: 5097234a820dca242838503cf26fa72c, type: 3}
      propertyPath: m_LocalRotation.y
      value: -0
      objectReference: {fileID: 0}
    - target: {fileID: 3204886316640868934, guid: 5097234a820dca242838503cf26fa72c, type: 3}
      propertyPath: m_LocalRotation.z
      value: -0
      objectReference: {fileID: 0}
    - target: {fileID: 3204886316640868934, guid: 5097234a820dca242838503cf26fa72c, type: 3}
      propertyPath: m_LocalEulerAnglesHint.x
      value: -90
      objectReference: {fileID: 0}
    - target: {fileID: 3204886316640868934, guid: 5097234a820dca242838503cf26fa72c, type: 3}
      propertyPath: m_LocalEulerAnglesHint.y
      value: 0
      objectReference: {fileID: 0}
    - target: {fileID: 3204886316640868934, guid: 5097234a820dca242838503cf26fa72c, type: 3}
      propertyPath: m_LocalEulerAnglesHint.z
      value: 0
      objectReference: {fileID: 0}
    m_RemovedComponents: []
  m_SourcePrefab: {fileID: 100100000, guid: 5097234a820dca242838503cf26fa72c, type: 3}
--- !u!4 &6463730729255239013 stripped
Transform:
  m_CorrespondingSourceObject: {fileID: 3204886316640868934, guid: 5097234a820dca242838503cf26fa72c, type: 3}
  m_PrefabInstance: {fileID: 8487530227556902691}
  m_PrefabAsset: {fileID: 0}
--- !u!1001 &9030914067355591423
PrefabInstance:
  m_ObjectHideFlags: 0
  serializedVersion: 2
  m_Modification:
    m_TransformParent: {fileID: 252311982243992954}
    m_Modifications:
    - target: {fileID: 1910122807768483961, guid: 5097234a820dca242838503cf26fa72c, type: 3}
      propertyPath: m_Name
      value: Bathroom_1x1_Floor (3)
      objectReference: {fileID: 0}
    - target: {fileID: 3204886316640868934, guid: 5097234a820dca242838503cf26fa72c, type: 3}
      propertyPath: m_RootOrder
      value: 3
      objectReference: {fileID: 0}
    - target: {fileID: 3204886316640868934, guid: 5097234a820dca242838503cf26fa72c, type: 3}
      propertyPath: m_LocalPosition.x
      value: -1.0189362
      objectReference: {fileID: 0}
    - target: {fileID: 3204886316640868934, guid: 5097234a820dca242838503cf26fa72c, type: 3}
      propertyPath: m_LocalPosition.y
      value: 0
      objectReference: {fileID: 0}
    - target: {fileID: 3204886316640868934, guid: 5097234a820dca242838503cf26fa72c, type: 3}
      propertyPath: m_LocalPosition.z
      value: -2
      objectReference: {fileID: 0}
    - target: {fileID: 3204886316640868934, guid: 5097234a820dca242838503cf26fa72c, type: 3}
      propertyPath: m_LocalRotation.w
      value: 0.7071068
      objectReference: {fileID: 0}
    - target: {fileID: 3204886316640868934, guid: 5097234a820dca242838503cf26fa72c, type: 3}
      propertyPath: m_LocalRotation.x
      value: -0.7071068
      objectReference: {fileID: 0}
    - target: {fileID: 3204886316640868934, guid: 5097234a820dca242838503cf26fa72c, type: 3}
      propertyPath: m_LocalRotation.y
      value: -0
      objectReference: {fileID: 0}
    - target: {fileID: 3204886316640868934, guid: 5097234a820dca242838503cf26fa72c, type: 3}
      propertyPath: m_LocalRotation.z
      value: -0
      objectReference: {fileID: 0}
    - target: {fileID: 3204886316640868934, guid: 5097234a820dca242838503cf26fa72c, type: 3}
      propertyPath: m_LocalEulerAnglesHint.x
      value: -90
      objectReference: {fileID: 0}
    - target: {fileID: 3204886316640868934, guid: 5097234a820dca242838503cf26fa72c, type: 3}
      propertyPath: m_LocalEulerAnglesHint.y
      value: 0
      objectReference: {fileID: 0}
    - target: {fileID: 3204886316640868934, guid: 5097234a820dca242838503cf26fa72c, type: 3}
      propertyPath: m_LocalEulerAnglesHint.z
      value: 0
      objectReference: {fileID: 0}
    m_RemovedComponents: []
  m_SourcePrefab: {fileID: 100100000, guid: 5097234a820dca242838503cf26fa72c, type: 3}
--- !u!4 &5849695845534759097 stripped
Transform:
  m_CorrespondingSourceObject: {fileID: 3204886316640868934, guid: 5097234a820dca242838503cf26fa72c, type: 3}
  m_PrefabInstance: {fileID: 9030914067355591423}
  m_PrefabAsset: {fileID: 0}
