%YAML 1.1
%TAG !u! tag:unity3d.com,2011:
--- !u!1 &4134205559833210517
GameObject:
  m_ObjectHideFlags: 0
  m_CorrespondingSourceObject: {fileID: 0}
  m_PrefabInstance: {fileID: 0}
  m_PrefabAsset: {fileID: 0}
  serializedVersion: 6
  m_Component:
  - component: {fileID: 6833125361130418160}
  m_Layer: 0
  m_Name: DecorPattern
  m_TagString: Untagged
  m_Icon: {fileID: 0}
  m_NavMeshLayer: 0
  m_StaticEditorFlags: 0
  m_IsActive: 1
--- !u!4 &6833125361130418160
Transform:
  m_ObjectHideFlags: 0
  m_CorrespondingSourceObject: {fileID: 0}
  m_PrefabInstance: {fileID: 0}
  m_PrefabAsset: {fileID: 0}
  m_GameObject: {fileID: 4134205559833210517}
  m_LocalRotation: {x: 0, y: 0, z: 0, w: 1}
  m_LocalPosition: {x: 0, y: 0, z: 0}
  m_LocalScale: {x: 1, y: 1, z: 1}
  m_ConstrainProportionsScale: 0
  m_Children:
  - {fileID: 5670058546055140741}
  - {fileID: 2045048656667678616}
  - {fileID: 1725537210425048072}
  - {fileID: 753990236019707901}
  - {fileID: 5786863654882398051}
  - {fileID: 3274202018921080406}
  - {fileID: 7040131048709878353}
  - {fileID: 4663386485565659583}
  - {fileID: 4700574560926695706}
  - {fileID: 654736036973398557}
  - {fileID: 1331842275041715439}
  - {fileID: 8992139311086730280}
  - {fileID: 7502363803062353357}
  - {fileID: 2532261989145775322}
  - {fileID: 916442787813252619}
  - {fileID: 6398563848083527853}
  - {fileID: 1895412224554713006}
  - {fileID: 2078314135345528636}
  - {fileID: 2840189097619242504}
  - {fileID: 1613651692903874094}
  - {fileID: 3871576550478830788}
  - {fileID: 1112772544499354220}
  - {fileID: 3217215339492840635}
  - {fileID: 5360502758048564168}
  - {fileID: 9188638617230987901}
  - {fileID: 4050345032043574166}
  m_Father: {fileID: 0}
  m_RootOrder: 0
  m_LocalEulerAnglesHint: {x: 0, y: 0, z: 0}
--- !u!1001 &412293599986200904
PrefabInstance:
  m_ObjectHideFlags: 0
  serializedVersion: 2
  m_Modification:
    m_TransformParent: {fileID: 6833125361130418160}
    m_Modifications:
    - target: {fileID: 568865876566745583, guid: 7554d93138251654f9f4e84ec321f7bc, type: 3}
      propertyPath: m_Name
      value: Decor_Grass_1 (4)
      objectReference: {fileID: 0}
    - target: {fileID: 568865876566745583, guid: 7554d93138251654f9f4e84ec321f7bc, type: 3}
      propertyPath: m_StaticEditorFlags
      value: 4
      objectReference: {fileID: 0}
    - target: {fileID: 913901062718126933, guid: 7554d93138251654f9f4e84ec321f7bc, type: 3}
      propertyPath: m_RootOrder
      value: 9
      objectReference: {fileID: 0}
    - target: {fileID: 913901062718126933, guid: 7554d93138251654f9f4e84ec321f7bc, type: 3}
      propertyPath: m_LocalPosition.x
      value: -4.7
      objectReference: {fileID: 0}
    - target: {fileID: 913901062718126933, guid: 7554d93138251654f9f4e84ec321f7bc, type: 3}
      propertyPath: m_LocalPosition.y
      value: -1.1
      objectReference: {fileID: 0}
    - target: {fileID: 913901062718126933, guid: 7554d93138251654f9f4e84ec321f7bc, type: 3}
      propertyPath: m_LocalPosition.z
      value: -19.8
      objectReference: {fileID: 0}
    - target: {fileID: 913901062718126933, guid: 7554d93138251654f9f4e84ec321f7bc, type: 3}
      propertyPath: m_LocalRotation.w
      value: 0.07970604
      objectReference: {fileID: 0}
    - target: {fileID: 913901062718126933, guid: 7554d93138251654f9f4e84ec321f7bc, type: 3}
      propertyPath: m_LocalRotation.x
      value: 0.0000000068450605
      objectReference: {fileID: 0}
    - target: {fileID: 913901062718126933, guid: 7554d93138251654f9f4e84ec321f7bc, type: 3}
      propertyPath: m_LocalRotation.y
      value: 0.9968185
      objectReference: {fileID: 0}
    - target: {fileID: 913901062718126933, guid: 7554d93138251654f9f4e84ec321f7bc, type: 3}
      propertyPath: m_LocalRotation.z
      value: 0.000000015963286
      objectReference: {fileID: 0}
    - target: {fileID: 913901062718126933, guid: 7554d93138251654f9f4e84ec321f7bc, type: 3}
      propertyPath: m_LocalEulerAnglesHint.y
      value: 170.857
      objectReference: {fileID: 0}
    m_RemovedComponents: []
  m_SourcePrefab: {fileID: 100100000, guid: 7554d93138251654f9f4e84ec321f7bc, type: 3}
--- !u!4 &654736036973398557 stripped
Transform:
  m_CorrespondingSourceObject: {fileID: 913901062718126933, guid: 7554d93138251654f9f4e84ec321f7bc, type: 3}
  m_PrefabInstance: {fileID: 412293599986200904}
  m_PrefabAsset: {fileID: 0}
--- !u!1001 &435109260452063607
PrefabInstance:
  m_ObjectHideFlags: 0
  serializedVersion: 2
  m_Modification:
    m_TransformParent: {fileID: 6833125361130418160}
    m_Modifications:
    - target: {fileID: 5584248580150495094, guid: 26bb05ba21926414cb16c89036840c2f, type: 3}
      propertyPath: m_Name
      value: Tree_68
      objectReference: {fileID: 0}
    - target: {fileID: 6216867736796538388, guid: 26bb05ba21926414cb16c89036840c2f, type: 3}
      propertyPath: m_RootOrder
      value: 4
      objectReference: {fileID: 0}
    - target: {fileID: 6216867736796538388, guid: 26bb05ba21926414cb16c89036840c2f, type: 3}
      propertyPath: m_LocalPosition.x
      value: 5.0000052
      objectReference: {fileID: 0}
    - target: {fileID: 6216867736796538388, guid: 26bb05ba21926414cb16c89036840c2f, type: 3}
      propertyPath: m_LocalPosition.y
      value: -1.76
      objectReference: {fileID: 0}
    - target: {fileID: 6216867736796538388, guid: 26bb05ba21926414cb16c89036840c2f, type: 3}
      propertyPath: m_LocalPosition.z
      value: -34.53001
      objectReference: {fileID: 0}
    - target: {fileID: 6216867736796538388, guid: 26bb05ba21926414cb16c89036840c2f, type: 3}
      propertyPath: m_LocalRotation.w
      value: 0.31060812
      objectReference: {fileID: 0}
    - target: {fileID: 6216867736796538388, guid: 26bb05ba21926414cb16c89036840c2f, type: 3}
      propertyPath: m_LocalRotation.x
      value: -0.010043407
      objectReference: {fileID: 0}
    - target: {fileID: 6216867736796538388, guid: 26bb05ba21926414cb16c89036840c2f, type: 3}
      propertyPath: m_LocalRotation.y
      value: 0.9504834
      objectReference: {fileID: 0}
    - target: {fileID: 6216867736796538388, guid: 26bb05ba21926414cb16c89036840c2f, type: 3}
      propertyPath: m_LocalRotation.z
      value: 0.0017884132
      objectReference: {fileID: 0}
    - target: {fileID: 6216867736796538388, guid: 26bb05ba21926414cb16c89036840c2f, type: 3}
      propertyPath: m_LocalEulerAnglesHint.x
      value: 0
      objectReference: {fileID: 0}
    - target: {fileID: 6216867736796538388, guid: 26bb05ba21926414cb16c89036840c2f, type: 3}
      propertyPath: m_LocalEulerAnglesHint.y
      value: 0
      objectReference: {fileID: 0}
    - target: {fileID: 6216867736796538388, guid: 26bb05ba21926414cb16c89036840c2f, type: 3}
      propertyPath: m_LocalEulerAnglesHint.z
      value: 0
      objectReference: {fileID: 0}
    m_RemovedComponents: []
  m_SourcePrefab: {fileID: 100100000, guid: 26bb05ba21926414cb16c89036840c2f, type: 3}
--- !u!4 &5786863654882398051 stripped
Transform:
  m_CorrespondingSourceObject: {fileID: 6216867736796538388, guid: 26bb05ba21926414cb16c89036840c2f, type: 3}
  m_PrefabInstance: {fileID: 435109260452063607}
  m_PrefabAsset: {fileID: 0}
--- !u!1001 &748031256079030044
PrefabInstance:
  m_ObjectHideFlags: 0
  serializedVersion: 2
  m_Modification:
    m_TransformParent: {fileID: 6833125361130418160}
    m_Modifications:
    - target: {fileID: 4613338230698693844, guid: 7cadbeb0e931d5c48887f8ce4e4386eb, type: 3}
      propertyPath: m_RootOrder
      value: 23
      objectReference: {fileID: 0}
    - target: {fileID: 4613338230698693844, guid: 7cadbeb0e931d5c48887f8ce4e4386eb, type: 3}
      propertyPath: m_LocalPosition.x
      value: 3.2000082
      objectReference: {fileID: 0}
    - target: {fileID: 4613338230698693844, guid: 7cadbeb0e931d5c48887f8ce4e4386eb, type: 3}
      propertyPath: m_LocalPosition.y
      value: -1.72
      objectReference: {fileID: 0}
    - target: {fileID: 4613338230698693844, guid: 7cadbeb0e931d5c48887f8ce4e4386eb, type: 3}
      propertyPath: m_LocalPosition.z
      value: 3.7999942
      objectReference: {fileID: 0}
    - target: {fileID: 4613338230698693844, guid: 7cadbeb0e931d5c48887f8ce4e4386eb, type: 3}
      propertyPath: m_LocalRotation.w
      value: -0.864386
      objectReference: {fileID: 0}
    - target: {fileID: 4613338230698693844, guid: 7cadbeb0e931d5c48887f8ce4e4386eb, type: 3}
      propertyPath: m_LocalRotation.x
      value: -0.00000011433304
      objectReference: {fileID: 0}
    - target: {fileID: 4613338230698693844, guid: 7cadbeb0e931d5c48887f8ce4e4386eb, type: 3}
      propertyPath: m_LocalRotation.y
      value: 0.5028288
      objectReference: {fileID: 0}
    - target: {fileID: 4613338230698693844, guid: 7cadbeb0e931d5c48887f8ce4e4386eb, type: 3}
      propertyPath: m_LocalRotation.z
      value: -0.000000024104647
      objectReference: {fileID: 0}
    - target: {fileID: 4613338230698693844, guid: 7cadbeb0e931d5c48887f8ce4e4386eb, type: 3}
      propertyPath: m_LocalEulerAnglesHint.x
      value: 0
      objectReference: {fileID: 0}
    - target: {fileID: 4613338230698693844, guid: 7cadbeb0e931d5c48887f8ce4e4386eb, type: 3}
      propertyPath: m_LocalEulerAnglesHint.y
      value: 131.817
      objectReference: {fileID: 0}
    - target: {fileID: 4613338230698693844, guid: 7cadbeb0e931d5c48887f8ce4e4386eb, type: 3}
      propertyPath: m_LocalEulerAnglesHint.z
      value: 0
      objectReference: {fileID: 0}
    - target: {fileID: 5911374275656673377, guid: 7cadbeb0e931d5c48887f8ce4e4386eb, type: 3}
      propertyPath: m_Name
      value: Tree_67 (6)
      objectReference: {fileID: 0}
    m_RemovedComponents: []
  m_SourcePrefab: {fileID: 100100000, guid: 7cadbeb0e931d5c48887f8ce4e4386eb, type: 3}
--- !u!4 &5360502758048564168 stripped
Transform:
  m_CorrespondingSourceObject: {fileID: 4613338230698693844, guid: 7cadbeb0e931d5c48887f8ce4e4386eb, type: 3}
  m_PrefabInstance: {fileID: 748031256079030044}
  m_PrefabAsset: {fileID: 0}
--- !u!1001 &928452266518877577
PrefabInstance:
  m_ObjectHideFlags: 0
  serializedVersion: 2
  m_Modification:
    m_TransformParent: {fileID: 6833125361130418160}
    m_Modifications:
    - target: {fileID: 3807566100858283551, guid: 14c88d5e000ab9240bd03dd6cc17bfc2, type: 3}
      propertyPath: m_RootOrder
      value: 25
      objectReference: {fileID: 0}
    - target: {fileID: 3807566100858283551, guid: 14c88d5e000ab9240bd03dd6cc17bfc2, type: 3}
      propertyPath: m_LocalPosition.x
      value: 22.800005
      objectReference: {fileID: 0}
    - target: {fileID: 3807566100858283551, guid: 14c88d5e000ab9240bd03dd6cc17bfc2, type: 3}
      propertyPath: m_LocalPosition.y
      value: -1.93
      objectReference: {fileID: 0}
    - target: {fileID: 3807566100858283551, guid: 14c88d5e000ab9240bd03dd6cc17bfc2, type: 3}
      propertyPath: m_LocalPosition.z
      value: 1.5000134
      objectReference: {fileID: 0}
    - target: {fileID: 3807566100858283551, guid: 14c88d5e000ab9240bd03dd6cc17bfc2, type: 3}
      propertyPath: m_LocalRotation.w
      value: -0.2885115
      objectReference: {fileID: 0}
    - target: {fileID: 3807566100858283551, guid: 14c88d5e000ab9240bd03dd6cc17bfc2, type: 3}
      propertyPath: m_LocalRotation.x
      value: -0
      objectReference: {fileID: 0}
    - target: {fileID: 3807566100858283551, guid: 14c88d5e000ab9240bd03dd6cc17bfc2, type: 3}
      propertyPath: m_LocalRotation.y
      value: 0.9574765
      objectReference: {fileID: 0}
    - target: {fileID: 3807566100858283551, guid: 14c88d5e000ab9240bd03dd6cc17bfc2, type: 3}
      propertyPath: m_LocalRotation.z
      value: -0
      objectReference: {fileID: 0}
    - target: {fileID: 3807566100858283551, guid: 14c88d5e000ab9240bd03dd6cc17bfc2, type: 3}
      propertyPath: m_LocalEulerAnglesHint.x
      value: 0
      objectReference: {fileID: 0}
    - target: {fileID: 3807566100858283551, guid: 14c88d5e000ab9240bd03dd6cc17bfc2, type: 3}
      propertyPath: m_LocalEulerAnglesHint.y
      value: 0
      objectReference: {fileID: 0}
    - target: {fileID: 3807566100858283551, guid: 14c88d5e000ab9240bd03dd6cc17bfc2, type: 3}
      propertyPath: m_LocalEulerAnglesHint.z
      value: 0
      objectReference: {fileID: 0}
    - target: {fileID: 6604302158764166913, guid: 14c88d5e000ab9240bd03dd6cc17bfc2, type: 3}
      propertyPath: m_Name
      value: TreeSmall (4)
      objectReference: {fileID: 0}
    m_RemovedComponents: []
  m_SourcePrefab: {fileID: 100100000, guid: 14c88d5e000ab9240bd03dd6cc17bfc2, type: 3}
--- !u!4 &4050345032043574166 stripped
Transform:
  m_CorrespondingSourceObject: {fileID: 3807566100858283551, guid: 14c88d5e000ab9240bd03dd6cc17bfc2, type: 3}
  m_PrefabInstance: {fileID: 928452266518877577}
  m_PrefabAsset: {fileID: 0}
--- !u!1001 &1047794653626433209
PrefabInstance:
  m_ObjectHideFlags: 0
  serializedVersion: 2
  m_Modification:
    m_TransformParent: {fileID: 6833125361130418160}
    m_Modifications:
    - target: {fileID: 5584248580150495094, guid: 26bb05ba21926414cb16c89036840c2f, type: 3}
      propertyPath: m_Name
      value: Tree_68 (2)
      objectReference: {fileID: 0}
    - target: {fileID: 6216867736796538388, guid: 26bb05ba21926414cb16c89036840c2f, type: 3}
      propertyPath: m_RootOrder
      value: 15
      objectReference: {fileID: 0}
    - target: {fileID: 6216867736796538388, guid: 26bb05ba21926414cb16c89036840c2f, type: 3}
      propertyPath: m_LocalPosition.x
      value: -13.599997
      objectReference: {fileID: 0}
    - target: {fileID: 6216867736796538388, guid: 26bb05ba21926414cb16c89036840c2f, type: 3}
      propertyPath: m_LocalPosition.y
      value: -1.73
      objectReference: {fileID: 0}
    - target: {fileID: 6216867736796538388, guid: 26bb05ba21926414cb16c89036840c2f, type: 3}
      propertyPath: m_LocalPosition.z
      value: -6.8399982
      objectReference: {fileID: 0}
    - target: {fileID: 6216867736796538388, guid: 26bb05ba21926414cb16c89036840c2f, type: 3}
      propertyPath: m_LocalRotation.w
      value: 0.31060812
      objectReference: {fileID: 0}
    - target: {fileID: 6216867736796538388, guid: 26bb05ba21926414cb16c89036840c2f, type: 3}
      propertyPath: m_LocalRotation.x
      value: -0.010043407
      objectReference: {fileID: 0}
    - target: {fileID: 6216867736796538388, guid: 26bb05ba21926414cb16c89036840c2f, type: 3}
      propertyPath: m_LocalRotation.y
      value: 0.9504834
      objectReference: {fileID: 0}
    - target: {fileID: 6216867736796538388, guid: 26bb05ba21926414cb16c89036840c2f, type: 3}
      propertyPath: m_LocalRotation.z
      value: 0.0017884132
      objectReference: {fileID: 0}
    - target: {fileID: 6216867736796538388, guid: 26bb05ba21926414cb16c89036840c2f, type: 3}
      propertyPath: m_LocalEulerAnglesHint.x
      value: 0
      objectReference: {fileID: 0}
    - target: {fileID: 6216867736796538388, guid: 26bb05ba21926414cb16c89036840c2f, type: 3}
      propertyPath: m_LocalEulerAnglesHint.y
      value: 0
      objectReference: {fileID: 0}
    - target: {fileID: 6216867736796538388, guid: 26bb05ba21926414cb16c89036840c2f, type: 3}
      propertyPath: m_LocalEulerAnglesHint.z
      value: 0
      objectReference: {fileID: 0}
    m_RemovedComponents: []
  m_SourcePrefab: {fileID: 100100000, guid: 26bb05ba21926414cb16c89036840c2f, type: 3}
--- !u!4 &6398563848083527853 stripped
Transform:
  m_CorrespondingSourceObject: {fileID: 6216867736796538388, guid: 26bb05ba21926414cb16c89036840c2f, type: 3}
  m_PrefabInstance: {fileID: 1047794653626433209}
  m_PrefabAsset: {fileID: 0}
--- !u!1001 &1122355133249765754
PrefabInstance:
  m_ObjectHideFlags: 0
  serializedVersion: 2
  m_Modification:
    m_TransformParent: {fileID: 6833125361130418160}
    m_Modifications:
    - target: {fileID: 1756754595916954994, guid: 7ec29bc01703ee84db1a81a7476e5128, type: 3}
      propertyPath: m_RootOrder
      value: 2
      objectReference: {fileID: 0}
    - target: {fileID: 1756754595916954994, guid: 7ec29bc01703ee84db1a81a7476e5128, type: 3}
      propertyPath: m_LocalPosition.x
      value: -17.9
      objectReference: {fileID: 0}
    - target: {fileID: 1756754595916954994, guid: 7ec29bc01703ee84db1a81a7476e5128, type: 3}
      propertyPath: m_LocalPosition.y
      value: -1.7
      objectReference: {fileID: 0}
    - target: {fileID: 1756754595916954994, guid: 7ec29bc01703ee84db1a81a7476e5128, type: 3}
      propertyPath: m_LocalPosition.z
      value: 2.8
      objectReference: {fileID: 0}
    - target: {fileID: 1756754595916954994, guid: 7ec29bc01703ee84db1a81a7476e5128, type: 3}
      propertyPath: m_LocalRotation.w
      value: -0.3748776
      objectReference: {fileID: 0}
    - target: {fileID: 1756754595916954994, guid: 7ec29bc01703ee84db1a81a7476e5128, type: 3}
      propertyPath: m_LocalRotation.x
      value: -0
      objectReference: {fileID: 0}
    - target: {fileID: 1756754595916954994, guid: 7ec29bc01703ee84db1a81a7476e5128, type: 3}
      propertyPath: m_LocalRotation.y
      value: 0.9270743
      objectReference: {fileID: 0}
    - target: {fileID: 1756754595916954994, guid: 7ec29bc01703ee84db1a81a7476e5128, type: 3}
      propertyPath: m_LocalRotation.z
      value: -0
      objectReference: {fileID: 0}
    - target: {fileID: 1756754595916954994, guid: 7ec29bc01703ee84db1a81a7476e5128, type: 3}
      propertyPath: m_LocalEulerAnglesHint.x
      value: 0
      objectReference: {fileID: 0}
    - target: {fileID: 1756754595916954994, guid: 7ec29bc01703ee84db1a81a7476e5128, type: 3}
      propertyPath: m_LocalEulerAnglesHint.y
      value: 224.033
      objectReference: {fileID: 0}
    - target: {fileID: 1756754595916954994, guid: 7ec29bc01703ee84db1a81a7476e5128, type: 3}
      propertyPath: m_LocalEulerAnglesHint.z
      value: 0
      objectReference: {fileID: 0}
    - target: {fileID: 6511032097862720318, guid: 7ec29bc01703ee84db1a81a7476e5128, type: 3}
      propertyPath: m_Name
      value: L1_Exterior_Stones_13 (1)
      objectReference: {fileID: 0}
    m_RemovedComponents: []
  m_SourcePrefab: {fileID: 100100000, guid: 7ec29bc01703ee84db1a81a7476e5128, type: 3}
--- !u!4 &1725537210425048072 stripped
Transform:
  m_CorrespondingSourceObject: {fileID: 1756754595916954994, guid: 7ec29bc01703ee84db1a81a7476e5128, type: 3}
  m_PrefabInstance: {fileID: 1122355133249765754}
  m_PrefabAsset: {fileID: 0}
--- !u!1001 &1725819765436984005
PrefabInstance:
  m_ObjectHideFlags: 0
  serializedVersion: 2
  m_Modification:
    m_TransformParent: {fileID: 6833125361130418160}
    m_Modifications:
    - target: {fileID: 3807566100858283551, guid: 14c88d5e000ab9240bd03dd6cc17bfc2, type: 3}
      propertyPath: m_RootOrder
      value: 13
      objectReference: {fileID: 0}
    - target: {fileID: 3807566100858283551, guid: 14c88d5e000ab9240bd03dd6cc17bfc2, type: 3}
      propertyPath: m_LocalPosition.x
      value: -4.0999956
      objectReference: {fileID: 0}
    - target: {fileID: 3807566100858283551, guid: 14c88d5e000ab9240bd03dd6cc17bfc2, type: 3}
      propertyPath: m_LocalPosition.y
      value: -2.92
      objectReference: {fileID: 0}
    - target: {fileID: 3807566100858283551, guid: 14c88d5e000ab9240bd03dd6cc17bfc2, type: 3}
      propertyPath: m_LocalPosition.z
      value: -6.4000144
      objectReference: {fileID: 0}
    - target: {fileID: 3807566100858283551, guid: 14c88d5e000ab9240bd03dd6cc17bfc2, type: 3}
      propertyPath: m_LocalRotation.w
      value: -0.8728505
      objectReference: {fileID: 0}
    - target: {fileID: 3807566100858283551, guid: 14c88d5e000ab9240bd03dd6cc17bfc2, type: 3}
      propertyPath: m_LocalRotation.x
      value: -0
      objectReference: {fileID: 0}
    - target: {fileID: 3807566100858283551, guid: 14c88d5e000ab9240bd03dd6cc17bfc2, type: 3}
      propertyPath: m_LocalRotation.y
      value: 0.48798794
      objectReference: {fileID: 0}
    - target: {fileID: 3807566100858283551, guid: 14c88d5e000ab9240bd03dd6cc17bfc2, type: 3}
      propertyPath: m_LocalRotation.z
      value: -0
      objectReference: {fileID: 0}
    - target: {fileID: 3807566100858283551, guid: 14c88d5e000ab9240bd03dd6cc17bfc2, type: 3}
      propertyPath: m_LocalEulerAnglesHint.x
      value: 0
      objectReference: {fileID: 0}
    - target: {fileID: 3807566100858283551, guid: 14c88d5e000ab9240bd03dd6cc17bfc2, type: 3}
      propertyPath: m_LocalEulerAnglesHint.y
      value: 0
      objectReference: {fileID: 0}
    - target: {fileID: 3807566100858283551, guid: 14c88d5e000ab9240bd03dd6cc17bfc2, type: 3}
      propertyPath: m_LocalEulerAnglesHint.z
      value: 0
      objectReference: {fileID: 0}
    - target: {fileID: 6604302158764166913, guid: 14c88d5e000ab9240bd03dd6cc17bfc2, type: 3}
      propertyPath: m_Name
      value: TreeSmall (3)
      objectReference: {fileID: 0}
    m_RemovedComponents: []
  m_SourcePrefab: {fileID: 100100000, guid: 14c88d5e000ab9240bd03dd6cc17bfc2, type: 3}
--- !u!4 &2532261989145775322 stripped
Transform:
  m_CorrespondingSourceObject: {fileID: 3807566100858283551, guid: 14c88d5e000ab9240bd03dd6cc17bfc2, type: 3}
  m_PrefabInstance: {fileID: 1725819765436984005}
  m_PrefabAsset: {fileID: 0}
--- !u!1001 &2221808789611339706
PrefabInstance:
  m_ObjectHideFlags: 0
  serializedVersion: 2
  m_Modification:
    m_TransformParent: {fileID: 6833125361130418160}
    m_Modifications:
    - target: {fileID: 568865876566745583, guid: 7554d93138251654f9f4e84ec321f7bc, type: 3}
      propertyPath: m_Name
      value: Decor_Grass_1 (5)
      objectReference: {fileID: 0}
    - target: {fileID: 568865876566745583, guid: 7554d93138251654f9f4e84ec321f7bc, type: 3}
      propertyPath: m_StaticEditorFlags
      value: 4
      objectReference: {fileID: 0}
    - target: {fileID: 913901062718126933, guid: 7554d93138251654f9f4e84ec321f7bc, type: 3}
      propertyPath: m_RootOrder
      value: 10
      objectReference: {fileID: 0}
    - target: {fileID: 913901062718126933, guid: 7554d93138251654f9f4e84ec321f7bc, type: 3}
      propertyPath: m_LocalPosition.x
      value: -20.5
      objectReference: {fileID: 0}
    - target: {fileID: 913901062718126933, guid: 7554d93138251654f9f4e84ec321f7bc, type: 3}
      propertyPath: m_LocalPosition.y
      value: -1.1
      objectReference: {fileID: 0}
    - target: {fileID: 913901062718126933, guid: 7554d93138251654f9f4e84ec321f7bc, type: 3}
      propertyPath: m_LocalPosition.z
      value: -17.1
      objectReference: {fileID: 0}
    - target: {fileID: 913901062718126933, guid: 7554d93138251654f9f4e84ec321f7bc, type: 3}
      propertyPath: m_LocalRotation.w
      value: 0.07970604
      objectReference: {fileID: 0}
    - target: {fileID: 913901062718126933, guid: 7554d93138251654f9f4e84ec321f7bc, type: 3}
      propertyPath: m_LocalRotation.x
      value: 0.0000000068450605
      objectReference: {fileID: 0}
    - target: {fileID: 913901062718126933, guid: 7554d93138251654f9f4e84ec321f7bc, type: 3}
      propertyPath: m_LocalRotation.y
      value: 0.9968185
      objectReference: {fileID: 0}
    - target: {fileID: 913901062718126933, guid: 7554d93138251654f9f4e84ec321f7bc, type: 3}
      propertyPath: m_LocalRotation.z
      value: 0.000000015963286
      objectReference: {fileID: 0}
    - target: {fileID: 913901062718126933, guid: 7554d93138251654f9f4e84ec321f7bc, type: 3}
      propertyPath: m_LocalEulerAnglesHint.y
      value: 170.857
      objectReference: {fileID: 0}
    m_RemovedComponents: []
  m_SourcePrefab: {fileID: 100100000, guid: 7554d93138251654f9f4e84ec321f7bc, type: 3}
--- !u!4 &1331842275041715439 stripped
Transform:
  m_CorrespondingSourceObject: {fileID: 913901062718126933, guid: 7554d93138251654f9f4e84ec321f7bc, type: 3}
  m_PrefabInstance: {fileID: 2221808789611339706}
  m_PrefabAsset: {fileID: 0}
--- !u!1001 &2440556613459909891
PrefabInstance:
  m_ObjectHideFlags: 0
  serializedVersion: 2
  m_Modification:
    m_TransformParent: {fileID: 6833125361130418160}
    m_Modifications:
    - target: {fileID: 568865876566745583, guid: 7554d93138251654f9f4e84ec321f7bc, type: 3}
      propertyPath: m_Name
      value: Decor_Grass_1 (1)
      objectReference: {fileID: 0}
    - target: {fileID: 568865876566745583, guid: 7554d93138251654f9f4e84ec321f7bc, type: 3}
      propertyPath: m_StaticEditorFlags
      value: 4
      objectReference: {fileID: 0}
    - target: {fileID: 913901062718126933, guid: 7554d93138251654f9f4e84ec321f7bc, type: 3}
      propertyPath: m_RootOrder
      value: 5
      objectReference: {fileID: 0}
    - target: {fileID: 913901062718126933, guid: 7554d93138251654f9f4e84ec321f7bc, type: 3}
      propertyPath: m_LocalPosition.x
      value: 14.9
      objectReference: {fileID: 0}
    - target: {fileID: 913901062718126933, guid: 7554d93138251654f9f4e84ec321f7bc, type: 3}
      propertyPath: m_LocalPosition.y
      value: -1.1
      objectReference: {fileID: 0}
    - target: {fileID: 913901062718126933, guid: 7554d93138251654f9f4e84ec321f7bc, type: 3}
      propertyPath: m_LocalPosition.z
      value: -9.2
      objectReference: {fileID: 0}
    - target: {fileID: 913901062718126933, guid: 7554d93138251654f9f4e84ec321f7bc, type: 3}
      propertyPath: m_LocalRotation.w
      value: 0.07970604
      objectReference: {fileID: 0}
    - target: {fileID: 913901062718126933, guid: 7554d93138251654f9f4e84ec321f7bc, type: 3}
      propertyPath: m_LocalRotation.x
      value: 0.0000000068450605
      objectReference: {fileID: 0}
    - target: {fileID: 913901062718126933, guid: 7554d93138251654f9f4e84ec321f7bc, type: 3}
      propertyPath: m_LocalRotation.y
      value: 0.9968185
      objectReference: {fileID: 0}
    - target: {fileID: 913901062718126933, guid: 7554d93138251654f9f4e84ec321f7bc, type: 3}
      propertyPath: m_LocalRotation.z
      value: 0.000000015963286
      objectReference: {fileID: 0}
    - target: {fileID: 913901062718126933, guid: 7554d93138251654f9f4e84ec321f7bc, type: 3}
      propertyPath: m_LocalEulerAnglesHint.y
      value: 170.857
      objectReference: {fileID: 0}
    m_RemovedComponents: []
  m_SourcePrefab: {fileID: 100100000, guid: 7554d93138251654f9f4e84ec321f7bc, type: 3}
--- !u!4 &3274202018921080406 stripped
Transform:
  m_CorrespondingSourceObject: {fileID: 913901062718126933, guid: 7554d93138251654f9f4e84ec321f7bc, type: 3}
  m_PrefabInstance: {fileID: 2440556613459909891}
  m_PrefabAsset: {fileID: 0}
--- !u!1001 &4576014073748719273
PrefabInstance:
  m_ObjectHideFlags: 0
  serializedVersion: 2
  m_Modification:
    m_TransformParent: {fileID: 6833125361130418160}
    m_Modifications:
    - target: {fileID: 4613338230698693844, guid: 7cadbeb0e931d5c48887f8ce4e4386eb, type: 3}
      propertyPath: m_RootOrder
      value: 24
      objectReference: {fileID: 0}
    - target: {fileID: 4613338230698693844, guid: 7cadbeb0e931d5c48887f8ce4e4386eb, type: 3}
      propertyPath: m_LocalPosition.x
      value: 26.8
      objectReference: {fileID: 0}
    - target: {fileID: 4613338230698693844, guid: 7cadbeb0e931d5c48887f8ce4e4386eb, type: 3}
      propertyPath: m_LocalPosition.y
      value: -1.76
      objectReference: {fileID: 0}
    - target: {fileID: 4613338230698693844, guid: 7cadbeb0e931d5c48887f8ce4e4386eb, type: 3}
      propertyPath: m_LocalPosition.z
      value: -37.199997
      objectReference: {fileID: 0}
    - target: {fileID: 4613338230698693844, guid: 7cadbeb0e931d5c48887f8ce4e4386eb, type: 3}
      propertyPath: m_LocalRotation.w
      value: -0.15418793
      objectReference: {fileID: 0}
    - target: {fileID: 4613338230698693844, guid: 7cadbeb0e931d5c48887f8ce4e4386eb, type: 3}
      propertyPath: m_LocalRotation.x
      value: 0.00000007920597
      objectReference: {fileID: 0}
    - target: {fileID: 4613338230698693844, guid: 7cadbeb0e931d5c48887f8ce4e4386eb, type: 3}
      propertyPath: m_LocalRotation.y
      value: 0.9880415
      objectReference: {fileID: 0}
    - target: {fileID: 4613338230698693844, guid: 7cadbeb0e931d5c48887f8ce4e4386eb, type: 3}
      propertyPath: m_LocalRotation.z
      value: -0.000000025948667
      objectReference: {fileID: 0}
    - target: {fileID: 4613338230698693844, guid: 7cadbeb0e931d5c48887f8ce4e4386eb, type: 3}
      propertyPath: m_LocalEulerAnglesHint.x
      value: 0
      objectReference: {fileID: 0}
    - target: {fileID: 4613338230698693844, guid: 7cadbeb0e931d5c48887f8ce4e4386eb, type: 3}
      propertyPath: m_LocalEulerAnglesHint.y
      value: 131.817
      objectReference: {fileID: 0}
    - target: {fileID: 4613338230698693844, guid: 7cadbeb0e931d5c48887f8ce4e4386eb, type: 3}
      propertyPath: m_LocalEulerAnglesHint.z
      value: 0
      objectReference: {fileID: 0}
    - target: {fileID: 5911374275656673377, guid: 7cadbeb0e931d5c48887f8ce4e4386eb, type: 3}
      propertyPath: m_Name
      value: Tree_67 (7)
      objectReference: {fileID: 0}
    m_RemovedComponents: []
  m_SourcePrefab: {fileID: 100100000, guid: 7cadbeb0e931d5c48887f8ce4e4386eb, type: 3}
--- !u!4 &9188638617230987901 stripped
Transform:
  m_CorrespondingSourceObject: {fileID: 4613338230698693844, guid: 7cadbeb0e931d5c48887f8ce4e4386eb, type: 3}
  m_PrefabInstance: {fileID: 4576014073748719273}
  m_PrefabAsset: {fileID: 0}
--- !u!1001 &4764469861376241360
PrefabInstance:
  m_ObjectHideFlags: 0
  serializedVersion: 2
  m_Modification:
    m_TransformParent: {fileID: 6833125361130418160}
    m_Modifications:
    - target: {fileID: 568865876566745583, guid: 7554d93138251654f9f4e84ec321f7bc, type: 3}
      propertyPath: m_StaticEditorFlags
      value: 4
      objectReference: {fileID: 0}
    - target: {fileID: 913901062718126933, guid: 7554d93138251654f9f4e84ec321f7bc, type: 3}
      propertyPath: m_RootOrder
      value: 0
      objectReference: {fileID: 0}
    - target: {fileID: 913901062718126933, guid: 7554d93138251654f9f4e84ec321f7bc, type: 3}
      propertyPath: m_LocalPosition.x
      value: -0.85
      objectReference: {fileID: 0}
    - target: {fileID: 913901062718126933, guid: 7554d93138251654f9f4e84ec321f7bc, type: 3}
      propertyPath: m_LocalPosition.y
      value: 2.97
      objectReference: {fileID: 0}
    - target: {fileID: 913901062718126933, guid: 7554d93138251654f9f4e84ec321f7bc, type: 3}
      propertyPath: m_LocalPosition.z
      value: -34.38
      objectReference: {fileID: 0}
    - target: {fileID: 913901062718126933, guid: 7554d93138251654f9f4e84ec321f7bc, type: 3}
      propertyPath: m_LocalRotation.w
      value: 0.79678524
      objectReference: {fileID: 0}
    - target: {fileID: 913901062718126933, guid: 7554d93138251654f9f4e84ec321f7bc, type: 3}
      propertyPath: m_LocalRotation.x
      value: -0.0000000073522104
      objectReference: {fileID: 0}
    - target: {fileID: 913901062718126933, guid: 7554d93138251654f9f4e84ec321f7bc, type: 3}
      propertyPath: m_LocalRotation.y
      value: 0.6042627
      objectReference: {fileID: 0}
    - target: {fileID: 913901062718126933, guid: 7554d93138251654f9f4e84ec321f7bc, type: 3}
      propertyPath: m_LocalRotation.z
      value: 0.00000001573614
      objectReference: {fileID: 0}
    - target: {fileID: 913901062718126933, guid: 7554d93138251654f9f4e84ec321f7bc, type: 3}
      propertyPath: m_LocalEulerAnglesHint.y
      value: 74.352
      objectReference: {fileID: 0}
    m_RemovedComponents: []
  m_SourcePrefab: {fileID: 100100000, guid: 7554d93138251654f9f4e84ec321f7bc, type: 3}
--- !u!4 &5670058546055140741 stripped
Transform:
  m_CorrespondingSourceObject: {fileID: 913901062718126933, guid: 7554d93138251654f9f4e84ec321f7bc, type: 3}
  m_PrefabInstance: {fileID: 4764469861376241360}
  m_PrefabAsset: {fileID: 0}
--- !u!1001 &5196395571712907831
PrefabInstance:
  m_ObjectHideFlags: 0
  serializedVersion: 2
  m_Modification:
    m_TransformParent: {fileID: 6833125361130418160}
    m_Modifications:
    - target: {fileID: 3807566100858283551, guid: 14c88d5e000ab9240bd03dd6cc17bfc2, type: 3}
      propertyPath: m_RootOrder
      value: 11
      objectReference: {fileID: 0}
    - target: {fileID: 3807566100858283551, guid: 14c88d5e000ab9240bd03dd6cc17bfc2, type: 3}
      propertyPath: m_LocalPosition.x
      value: 29.600008
      objectReference: {fileID: 0}
    - target: {fileID: 3807566100858283551, guid: 14c88d5e000ab9240bd03dd6cc17bfc2, type: 3}
      propertyPath: m_LocalPosition.y
      value: -1.79
      objectReference: {fileID: 0}
    - target: {fileID: 3807566100858283551, guid: 14c88d5e000ab9240bd03dd6cc17bfc2, type: 3}
      propertyPath: m_LocalPosition.z
      value: -25.099993
      objectReference: {fileID: 0}
    - target: {fileID: 3807566100858283551, guid: 14c88d5e000ab9240bd03dd6cc17bfc2, type: 3}
      propertyPath: m_LocalRotation.w
      value: 0.91706014
      objectReference: {fileID: 0}
    - target: {fileID: 3807566100858283551, guid: 14c88d5e000ab9240bd03dd6cc17bfc2, type: 3}
      propertyPath: m_LocalRotation.x
      value: -0
      objectReference: {fileID: 0}
    - target: {fileID: 3807566100858283551, guid: 14c88d5e000ab9240bd03dd6cc17bfc2, type: 3}
      propertyPath: m_LocalRotation.y
      value: 0.398749
      objectReference: {fileID: 0}
    - target: {fileID: 3807566100858283551, guid: 14c88d5e000ab9240bd03dd6cc17bfc2, type: 3}
      propertyPath: m_LocalRotation.z
      value: -0
      objectReference: {fileID: 0}
    - target: {fileID: 3807566100858283551, guid: 14c88d5e000ab9240bd03dd6cc17bfc2, type: 3}
      propertyPath: m_LocalEulerAnglesHint.x
      value: 0
      objectReference: {fileID: 0}
    - target: {fileID: 3807566100858283551, guid: 14c88d5e000ab9240bd03dd6cc17bfc2, type: 3}
      propertyPath: m_LocalEulerAnglesHint.y
      value: 0
      objectReference: {fileID: 0}
    - target: {fileID: 3807566100858283551, guid: 14c88d5e000ab9240bd03dd6cc17bfc2, type: 3}
      propertyPath: m_LocalEulerAnglesHint.z
      value: 0
      objectReference: {fileID: 0}
    - target: {fileID: 6604302158764166913, guid: 14c88d5e000ab9240bd03dd6cc17bfc2, type: 3}
      propertyPath: m_Name
      value: TreeSmall (1)
      objectReference: {fileID: 0}
    m_RemovedComponents: []
  m_SourcePrefab: {fileID: 100100000, guid: 14c88d5e000ab9240bd03dd6cc17bfc2, type: 3}
--- !u!4 &8992139311086730280 stripped
Transform:
  m_CorrespondingSourceObject: {fileID: 3807566100858283551, guid: 14c88d5e000ab9240bd03dd6cc17bfc2, type: 3}
  m_PrefabInstance: {fileID: 5196395571712907831}
  m_PrefabAsset: {fileID: 0}
--- !u!1001 &5373190134334839080
PrefabInstance:
  m_ObjectHideFlags: 0
  serializedVersion: 2
  m_Modification:
    m_TransformParent: {fileID: 6833125361130418160}
    m_Modifications:
    - target: {fileID: 681091198465947227, guid: 26bb05ba21926414cb16c89036840c2f, type: 3}
      propertyPath: m_IsActive
      value: 0
      objectReference: {fileID: 0}
    - target: {fileID: 5584248580150495094, guid: 26bb05ba21926414cb16c89036840c2f, type: 3}
      propertyPath: m_Name
      value: Tree_68 (4)
      objectReference: {fileID: 0}
    - target: {fileID: 6216867736796538388, guid: 26bb05ba21926414cb16c89036840c2f, type: 3}
      propertyPath: m_RootOrder
      value: 17
      objectReference: {fileID: 0}
    - target: {fileID: 6216867736796538388, guid: 26bb05ba21926414cb16c89036840c2f, type: 3}
      propertyPath: m_LocalPosition.x
      value: -13.600008
      objectReference: {fileID: 0}
    - target: {fileID: 6216867736796538388, guid: 26bb05ba21926414cb16c89036840c2f, type: 3}
      propertyPath: m_LocalPosition.y
      value: -1.73
      objectReference: {fileID: 0}
    - target: {fileID: 6216867736796538388, guid: 26bb05ba21926414cb16c89036840c2f, type: 3}
      propertyPath: m_LocalPosition.z
      value: -25.599995
      objectReference: {fileID: 0}
    - target: {fileID: 6216867736796538388, guid: 26bb05ba21926414cb16c89036840c2f, type: 3}
      propertyPath: m_LocalRotation.w
      value: 0.50318986
      objectReference: {fileID: 0}
    - target: {fileID: 6216867736796538388, guid: 26bb05ba21926414cb16c89036840c2f, type: 3}
      propertyPath: m_LocalRotation.x
      value: 0.6845788
      objectReference: {fileID: 0}
    - target: {fileID: 6216867736796538388, guid: 26bb05ba21926414cb16c89036840c2f, type: 3}
      propertyPath: m_LocalRotation.y
      value: 0.475547
      objectReference: {fileID: 0}
    - target: {fileID: 6216867736796538388, guid: 26bb05ba21926414cb16c89036840c2f, type: 3}
      propertyPath: m_LocalRotation.z
      value: 0.22805029
      objectReference: {fileID: 0}
    - target: {fileID: 6216867736796538388, guid: 26bb05ba21926414cb16c89036840c2f, type: 3}
      propertyPath: m_LocalEulerAnglesHint.x
      value: 0
      objectReference: {fileID: 0}
    - target: {fileID: 6216867736796538388, guid: 26bb05ba21926414cb16c89036840c2f, type: 3}
      propertyPath: m_LocalEulerAnglesHint.y
      value: 0
      objectReference: {fileID: 0}
    - target: {fileID: 6216867736796538388, guid: 26bb05ba21926414cb16c89036840c2f, type: 3}
      propertyPath: m_LocalEulerAnglesHint.z
      value: 0
      objectReference: {fileID: 0}
    m_RemovedComponents: []
  m_SourcePrefab: {fileID: 100100000, guid: 26bb05ba21926414cb16c89036840c2f, type: 3}
--- !u!4 &2078314135345528636 stripped
Transform:
  m_CorrespondingSourceObject: {fileID: 6216867736796538388, guid: 26bb05ba21926414cb16c89036840c2f, type: 3}
  m_PrefabInstance: {fileID: 5373190134334839080}
  m_PrefabAsset: {fileID: 0}
--- !u!1001 &5479503215489456570
PrefabInstance:
  m_ObjectHideFlags: 0
  serializedVersion: 2
  m_Modification:
    m_TransformParent: {fileID: 6833125361130418160}
    m_Modifications:
    - target: {fileID: 5584248580150495094, guid: 26bb05ba21926414cb16c89036840c2f, type: 3}
      propertyPath: m_Name
      value: Tree_68 (3)
      objectReference: {fileID: 0}
    - target: {fileID: 6216867736796538388, guid: 26bb05ba21926414cb16c89036840c2f, type: 3}
      propertyPath: m_RootOrder
      value: 16
      objectReference: {fileID: 0}
    - target: {fileID: 6216867736796538388, guid: 26bb05ba21926414cb16c89036840c2f, type: 3}
      propertyPath: m_LocalPosition.x
      value: 3.00001
      objectReference: {fileID: 0}
    - target: {fileID: 6216867736796538388, guid: 26bb05ba21926414cb16c89036840c2f, type: 3}
      propertyPath: m_LocalPosition.y
      value: -1.73
      objectReference: {fileID: 0}
    - target: {fileID: 6216867736796538388, guid: 26bb05ba21926414cb16c89036840c2f, type: 3}
      propertyPath: m_LocalPosition.z
      value: -8.400006
      objectReference: {fileID: 0}
    - target: {fileID: 6216867736796538388, guid: 26bb05ba21926414cb16c89036840c2f, type: 3}
      propertyPath: m_LocalRotation.w
      value: 0.30962285
      objectReference: {fileID: 0}
    - target: {fileID: 6216867736796538388, guid: 26bb05ba21926414cb16c89036840c2f, type: 3}
      propertyPath: m_LocalRotation.x
      value: 0
      objectReference: {fileID: 0}
    - target: {fileID: 6216867736796538388, guid: 26bb05ba21926414cb16c89036840c2f, type: 3}
      propertyPath: m_LocalRotation.y
      value: 0.9508595
      objectReference: {fileID: 0}
    - target: {fileID: 6216867736796538388, guid: 26bb05ba21926414cb16c89036840c2f, type: 3}
      propertyPath: m_LocalRotation.z
      value: 0
      objectReference: {fileID: 0}
    - target: {fileID: 6216867736796538388, guid: 26bb05ba21926414cb16c89036840c2f, type: 3}
      propertyPath: m_LocalEulerAnglesHint.x
      value: 0
      objectReference: {fileID: 0}
    - target: {fileID: 6216867736796538388, guid: 26bb05ba21926414cb16c89036840c2f, type: 3}
      propertyPath: m_LocalEulerAnglesHint.y
      value: 143.927
      objectReference: {fileID: 0}
    - target: {fileID: 6216867736796538388, guid: 26bb05ba21926414cb16c89036840c2f, type: 3}
      propertyPath: m_LocalEulerAnglesHint.z
      value: 0
      objectReference: {fileID: 0}
    m_RemovedComponents: []
  m_SourcePrefab: {fileID: 100100000, guid: 26bb05ba21926414cb16c89036840c2f, type: 3}
--- !u!4 &1895412224554713006 stripped
Transform:
  m_CorrespondingSourceObject: {fileID: 6216867736796538388, guid: 26bb05ba21926414cb16c89036840c2f, type: 3}
  m_PrefabInstance: {fileID: 5479503215489456570}
  m_PrefabAsset: {fileID: 0}
--- !u!1001 &5483547481525838570
PrefabInstance:
  m_ObjectHideFlags: 0
  serializedVersion: 2
  m_Modification:
    m_TransformParent: {fileID: 6833125361130418160}
    m_Modifications:
    - target: {fileID: 568865876566745583, guid: 7554d93138251654f9f4e84ec321f7bc, type: 3}
      propertyPath: m_Name
      value: Decor_Grass_1 (2)
      objectReference: {fileID: 0}
    - target: {fileID: 568865876566745583, guid: 7554d93138251654f9f4e84ec321f7bc, type: 3}
      propertyPath: m_StaticEditorFlags
      value: 4
      objectReference: {fileID: 0}
    - target: {fileID: 913901062718126933, guid: 7554d93138251654f9f4e84ec321f7bc, type: 3}
      propertyPath: m_RootOrder
      value: 7
      objectReference: {fileID: 0}
    - target: {fileID: 913901062718126933, guid: 7554d93138251654f9f4e84ec321f7bc, type: 3}
      propertyPath: m_LocalPosition.x
      value: -9.5
      objectReference: {fileID: 0}
    - target: {fileID: 913901062718126933, guid: 7554d93138251654f9f4e84ec321f7bc, type: 3}
      propertyPath: m_LocalPosition.y
      value: -1.1
      objectReference: {fileID: 0}
    - target: {fileID: 913901062718126933, guid: 7554d93138251654f9f4e84ec321f7bc, type: 3}
      propertyPath: m_LocalPosition.z
      value: 9.4
      objectReference: {fileID: 0}
    - target: {fileID: 913901062718126933, guid: 7554d93138251654f9f4e84ec321f7bc, type: 3}
      propertyPath: m_LocalRotation.w
      value: 0.07970604
      objectReference: {fileID: 0}
    - target: {fileID: 913901062718126933, guid: 7554d93138251654f9f4e84ec321f7bc, type: 3}
      propertyPath: m_LocalRotation.x
      value: 0.0000000068450605
      objectReference: {fileID: 0}
    - target: {fileID: 913901062718126933, guid: 7554d93138251654f9f4e84ec321f7bc, type: 3}
      propertyPath: m_LocalRotation.y
      value: 0.9968185
      objectReference: {fileID: 0}
    - target: {fileID: 913901062718126933, guid: 7554d93138251654f9f4e84ec321f7bc, type: 3}
      propertyPath: m_LocalRotation.z
      value: 0.000000015963286
      objectReference: {fileID: 0}
    - target: {fileID: 913901062718126933, guid: 7554d93138251654f9f4e84ec321f7bc, type: 3}
      propertyPath: m_LocalEulerAnglesHint.y
      value: 170.857
      objectReference: {fileID: 0}
    m_RemovedComponents: []
  m_SourcePrefab: {fileID: 100100000, guid: 7554d93138251654f9f4e84ec321f7bc, type: 3}
--- !u!4 &4663386485565659583 stripped
Transform:
  m_CorrespondingSourceObject: {fileID: 913901062718126933, guid: 7554d93138251654f9f4e84ec321f7bc, type: 3}
  m_PrefabInstance: {fileID: 5483547481525838570}
  m_PrefabAsset: {fileID: 0}
--- !u!1001 &5590409165243447887
PrefabInstance:
  m_ObjectHideFlags: 0
  serializedVersion: 2
  m_Modification:
    m_TransformParent: {fileID: 6833125361130418160}
    m_Modifications:
    - target: {fileID: 568865876566745583, guid: 7554d93138251654f9f4e84ec321f7bc, type: 3}
      propertyPath: m_Name
      value: Decor_Grass_1 (3)
      objectReference: {fileID: 0}
    - target: {fileID: 568865876566745583, guid: 7554d93138251654f9f4e84ec321f7bc, type: 3}
      propertyPath: m_StaticEditorFlags
      value: 4
      objectReference: {fileID: 0}
    - target: {fileID: 913901062718126933, guid: 7554d93138251654f9f4e84ec321f7bc, type: 3}
      propertyPath: m_RootOrder
      value: 8
      objectReference: {fileID: 0}
    - target: {fileID: 913901062718126933, guid: 7554d93138251654f9f4e84ec321f7bc, type: 3}
      propertyPath: m_LocalPosition.x
      value: -20.1
      objectReference: {fileID: 0}
    - target: {fileID: 913901062718126933, guid: 7554d93138251654f9f4e84ec321f7bc, type: 3}
      propertyPath: m_LocalPosition.y
      value: -1.1
      objectReference: {fileID: 0}
    - target: {fileID: 913901062718126933, guid: 7554d93138251654f9f4e84ec321f7bc, type: 3}
      propertyPath: m_LocalPosition.z
      value: -2.7
      objectReference: {fileID: 0}
    - target: {fileID: 913901062718126933, guid: 7554d93138251654f9f4e84ec321f7bc, type: 3}
      propertyPath: m_LocalRotation.w
      value: 0.07970604
      objectReference: {fileID: 0}
    - target: {fileID: 913901062718126933, guid: 7554d93138251654f9f4e84ec321f7bc, type: 3}
      propertyPath: m_LocalRotation.x
      value: 0.0000000068450605
      objectReference: {fileID: 0}
    - target: {fileID: 913901062718126933, guid: 7554d93138251654f9f4e84ec321f7bc, type: 3}
      propertyPath: m_LocalRotation.y
      value: 0.9968185
      objectReference: {fileID: 0}
    - target: {fileID: 913901062718126933, guid: 7554d93138251654f9f4e84ec321f7bc, type: 3}
      propertyPath: m_LocalRotation.z
      value: 0.000000015963286
      objectReference: {fileID: 0}
    - target: {fileID: 913901062718126933, guid: 7554d93138251654f9f4e84ec321f7bc, type: 3}
      propertyPath: m_LocalEulerAnglesHint.y
      value: 170.857
      objectReference: {fileID: 0}
    m_RemovedComponents: []
  m_SourcePrefab: {fileID: 100100000, guid: 7554d93138251654f9f4e84ec321f7bc, type: 3}
--- !u!4 &4700574560926695706 stripped
Transform:
  m_CorrespondingSourceObject: {fileID: 913901062718126933, guid: 7554d93138251654f9f4e84ec321f7bc, type: 3}
  m_PrefabInstance: {fileID: 5590409165243447887}
  m_PrefabAsset: {fileID: 0}
--- !u!1001 &5725344058960207544
PrefabInstance:
  m_ObjectHideFlags: 0
  serializedVersion: 2
  m_Modification:
    m_TransformParent: {fileID: 6833125361130418160}
    m_Modifications:
    - target: {fileID: 4613338230698693844, guid: 7cadbeb0e931d5c48887f8ce4e4386eb, type: 3}
      propertyPath: m_RootOrder
      value: 21
      objectReference: {fileID: 0}
    - target: {fileID: 4613338230698693844, guid: 7cadbeb0e931d5c48887f8ce4e4386eb, type: 3}
      propertyPath: m_LocalPosition.x
      value: -28.000006
      objectReference: {fileID: 0}
    - target: {fileID: 4613338230698693844, guid: 7cadbeb0e931d5c48887f8ce4e4386eb, type: 3}
      propertyPath: m_LocalPosition.y
      value: -1.76
      objectReference: {fileID: 0}
    - target: {fileID: 4613338230698693844, guid: 7cadbeb0e931d5c48887f8ce4e4386eb, type: 3}
      propertyPath: m_LocalPosition.z
      value: -6.800005
      objectReference: {fileID: 0}
    - target: {fileID: 4613338230698693844, guid: 7cadbeb0e931d5c48887f8ce4e4386eb, type: 3}
      propertyPath: m_LocalRotation.w
      value: -0.98984015
      objectReference: {fileID: 0}
    - target: {fileID: 4613338230698693844, guid: 7cadbeb0e931d5c48887f8ce4e4386eb, type: 3}
      propertyPath: m_LocalRotation.x
      value: -0.00000010460941
      objectReference: {fileID: 0}
    - target: {fileID: 4613338230698693844, guid: 7cadbeb0e931d5c48887f8ce4e4386eb, type: 3}
      propertyPath: m_LocalRotation.y
      value: -0.14218472
      objectReference: {fileID: 0}
    - target: {fileID: 4613338230698693844, guid: 7cadbeb0e931d5c48887f8ce4e4386eb, type: 3}
      propertyPath: m_LocalRotation.z
      value: 0.000000052056908
      objectReference: {fileID: 0}
    - target: {fileID: 4613338230698693844, guid: 7cadbeb0e931d5c48887f8ce4e4386eb, type: 3}
      propertyPath: m_LocalEulerAnglesHint.x
      value: 0
      objectReference: {fileID: 0}
    - target: {fileID: 4613338230698693844, guid: 7cadbeb0e931d5c48887f8ce4e4386eb, type: 3}
      propertyPath: m_LocalEulerAnglesHint.y
      value: 131.817
      objectReference: {fileID: 0}
    - target: {fileID: 4613338230698693844, guid: 7cadbeb0e931d5c48887f8ce4e4386eb, type: 3}
      propertyPath: m_LocalEulerAnglesHint.z
      value: 0
      objectReference: {fileID: 0}
    - target: {fileID: 5911374275656673377, guid: 7cadbeb0e931d5c48887f8ce4e4386eb, type: 3}
      propertyPath: m_Name
      value: Tree_67 (4)
      objectReference: {fileID: 0}
    m_RemovedComponents: []
  m_SourcePrefab: {fileID: 100100000, guid: 7cadbeb0e931d5c48887f8ce4e4386eb, type: 3}
--- !u!4 &1112772544499354220 stripped
Transform:
  m_CorrespondingSourceObject: {fileID: 4613338230698693844, guid: 7cadbeb0e931d5c48887f8ce4e4386eb, type: 3}
  m_PrefabInstance: {fileID: 5725344058960207544}
  m_PrefabAsset: {fileID: 0}
--- !u!1001 &6153219812533654606
PrefabInstance:
  m_ObjectHideFlags: 0
  serializedVersion: 2
  m_Modification:
    m_TransformParent: {fileID: 6833125361130418160}
    m_Modifications:
    - target: {fileID: 3807566100858283551, guid: 14c88d5e000ab9240bd03dd6cc17bfc2, type: 3}
      propertyPath: m_RootOrder
      value: 6
      objectReference: {fileID: 0}
    - target: {fileID: 3807566100858283551, guid: 14c88d5e000ab9240bd03dd6cc17bfc2, type: 3}
      propertyPath: m_LocalPosition.x
      value: 16.3
      objectReference: {fileID: 0}
    - target: {fileID: 3807566100858283551, guid: 14c88d5e000ab9240bd03dd6cc17bfc2, type: 3}
      propertyPath: m_LocalPosition.y
      value: -1.95
      objectReference: {fileID: 0}
    - target: {fileID: 3807566100858283551, guid: 14c88d5e000ab9240bd03dd6cc17bfc2, type: 3}
      propertyPath: m_LocalPosition.z
      value: -28
      objectReference: {fileID: 0}
    - target: {fileID: 3807566100858283551, guid: 14c88d5e000ab9240bd03dd6cc17bfc2, type: 3}
      propertyPath: m_LocalRotation.w
      value: 0.9170601
      objectReference: {fileID: 0}
    - target: {fileID: 3807566100858283551, guid: 14c88d5e000ab9240bd03dd6cc17bfc2, type: 3}
      propertyPath: m_LocalRotation.x
      value: -0
      objectReference: {fileID: 0}
    - target: {fileID: 3807566100858283551, guid: 14c88d5e000ab9240bd03dd6cc17bfc2, type: 3}
      propertyPath: m_LocalRotation.y
      value: 0.39874893
      objectReference: {fileID: 0}
    - target: {fileID: 3807566100858283551, guid: 14c88d5e000ab9240bd03dd6cc17bfc2, type: 3}
      propertyPath: m_LocalRotation.z
      value: -0
      objectReference: {fileID: 0}
    - target: {fileID: 3807566100858283551, guid: 14c88d5e000ab9240bd03dd6cc17bfc2, type: 3}
      propertyPath: m_LocalEulerAnglesHint.x
      value: 0
      objectReference: {fileID: 0}
    - target: {fileID: 3807566100858283551, guid: 14c88d5e000ab9240bd03dd6cc17bfc2, type: 3}
      propertyPath: m_LocalEulerAnglesHint.y
      value: 0
      objectReference: {fileID: 0}
    - target: {fileID: 3807566100858283551, guid: 14c88d5e000ab9240bd03dd6cc17bfc2, type: 3}
      propertyPath: m_LocalEulerAnglesHint.z
      value: 0
      objectReference: {fileID: 0}
    - target: {fileID: 6604302158764166913, guid: 14c88d5e000ab9240bd03dd6cc17bfc2, type: 3}
      propertyPath: m_Name
      value: TreeSmall
      objectReference: {fileID: 0}
    m_RemovedComponents: []
  m_SourcePrefab: {fileID: 100100000, guid: 14c88d5e000ab9240bd03dd6cc17bfc2, type: 3}
--- !u!4 &7040131048709878353 stripped
Transform:
  m_CorrespondingSourceObject: {fileID: 3807566100858283551, guid: 14c88d5e000ab9240bd03dd6cc17bfc2, type: 3}
  m_PrefabInstance: {fileID: 6153219812533654606}
  m_PrefabAsset: {fileID: 0}
--- !u!1001 &6224266089685609210
PrefabInstance:
  m_ObjectHideFlags: 0
  serializedVersion: 2
  m_Modification:
    m_TransformParent: {fileID: 6833125361130418160}
    m_Modifications:
    - target: {fileID: 4613338230698693844, guid: 7cadbeb0e931d5c48887f8ce4e4386eb, type: 3}
      propertyPath: m_RootOrder
      value: 19
      objectReference: {fileID: 0}
    - target: {fileID: 4613338230698693844, guid: 7cadbeb0e931d5c48887f8ce4e4386eb, type: 3}
      propertyPath: m_LocalPosition.x
      value: 30.499989
      objectReference: {fileID: 0}
    - target: {fileID: 4613338230698693844, guid: 7cadbeb0e931d5c48887f8ce4e4386eb, type: 3}
      propertyPath: m_LocalPosition.y
      value: -1.76
      objectReference: {fileID: 0}
    - target: {fileID: 4613338230698693844, guid: 7cadbeb0e931d5c48887f8ce4e4386eb, type: 3}
      propertyPath: m_LocalPosition.z
      value: -0.7999897
      objectReference: {fileID: 0}
    - target: {fileID: 4613338230698693844, guid: 7cadbeb0e931d5c48887f8ce4e4386eb, type: 3}
      propertyPath: m_LocalRotation.w
      value: -0.48132622
      objectReference: {fileID: 0}
    - target: {fileID: 4613338230698693844, guid: 7cadbeb0e931d5c48887f8ce4e4386eb, type: 3}
      propertyPath: m_LocalRotation.x
      value: 0.000000027524852
      objectReference: {fileID: 0}
    - target: {fileID: 4613338230698693844, guid: 7cadbeb0e931d5c48887f8ce4e4386eb, type: 3}
      propertyPath: m_LocalRotation.y
      value: 0.8765415
      objectReference: {fileID: 0}
    - target: {fileID: 4613338230698693844, guid: 7cadbeb0e931d5c48887f8ce4e4386eb, type: 3}
      propertyPath: m_LocalRotation.z
      value: -0.00000010383758
      objectReference: {fileID: 0}
    - target: {fileID: 4613338230698693844, guid: 7cadbeb0e931d5c48887f8ce4e4386eb, type: 3}
      propertyPath: m_LocalEulerAnglesHint.x
      value: 0
      objectReference: {fileID: 0}
    - target: {fileID: 4613338230698693844, guid: 7cadbeb0e931d5c48887f8ce4e4386eb, type: 3}
      propertyPath: m_LocalEulerAnglesHint.y
      value: 131.817
      objectReference: {fileID: 0}
    - target: {fileID: 4613338230698693844, guid: 7cadbeb0e931d5c48887f8ce4e4386eb, type: 3}
      propertyPath: m_LocalEulerAnglesHint.z
      value: 0
      objectReference: {fileID: 0}
    - target: {fileID: 5911374275656673377, guid: 7cadbeb0e931d5c48887f8ce4e4386eb, type: 3}
      propertyPath: m_Name
      value: Tree_67 (2)
      objectReference: {fileID: 0}
    m_RemovedComponents: []
  m_SourcePrefab: {fileID: 100100000, guid: 7cadbeb0e931d5c48887f8ce4e4386eb, type: 3}
--- !u!4 &1613651692903874094 stripped
Transform:
  m_CorrespondingSourceObject: {fileID: 4613338230698693844, guid: 7cadbeb0e931d5c48887f8ce4e4386eb, type: 3}
  m_PrefabInstance: {fileID: 6224266089685609210}
  m_PrefabAsset: {fileID: 0}
--- !u!1001 &6553049274660943903
PrefabInstance:
  m_ObjectHideFlags: 0
  serializedVersion: 2
  m_Modification:
    m_TransformParent: {fileID: 6833125361130418160}
    m_Modifications:
    - target: {fileID: 5584248580150495094, guid: 26bb05ba21926414cb16c89036840c2f, type: 3}
      propertyPath: m_Name
      value: Tree_68 (1)
      objectReference: {fileID: 0}
    - target: {fileID: 6216867736796538388, guid: 26bb05ba21926414cb16c89036840c2f, type: 3}
      propertyPath: m_RootOrder
      value: 14
      objectReference: {fileID: 0}
    - target: {fileID: 6216867736796538388, guid: 26bb05ba21926414cb16c89036840c2f, type: 3}
      propertyPath: m_LocalPosition.x
      value: 20.32
      objectReference: {fileID: 0}
    - target: {fileID: 6216867736796538388, guid: 26bb05ba21926414cb16c89036840c2f, type: 3}
      propertyPath: m_LocalPosition.y
      value: -1.76
      objectReference: {fileID: 0}
    - target: {fileID: 6216867736796538388, guid: 26bb05ba21926414cb16c89036840c2f, type: 3}
      propertyPath: m_LocalPosition.z
      value: -3.09
      objectReference: {fileID: 0}
    - target: {fileID: 6216867736796538388, guid: 26bb05ba21926414cb16c89036840c2f, type: 3}
      propertyPath: m_LocalRotation.w
      value: 0.9170601
      objectReference: {fileID: 0}
    - target: {fileID: 6216867736796538388, guid: 26bb05ba21926414cb16c89036840c2f, type: 3}
      propertyPath: m_LocalRotation.x
      value: -0
      objectReference: {fileID: 0}
    - target: {fileID: 6216867736796538388, guid: 26bb05ba21926414cb16c89036840c2f, type: 3}
      propertyPath: m_LocalRotation.y
      value: 0.39874893
      objectReference: {fileID: 0}
    - target: {fileID: 6216867736796538388, guid: 26bb05ba21926414cb16c89036840c2f, type: 3}
      propertyPath: m_LocalRotation.z
      value: -0
      objectReference: {fileID: 0}
    - target: {fileID: 6216867736796538388, guid: 26bb05ba21926414cb16c89036840c2f, type: 3}
      propertyPath: m_LocalEulerAnglesHint.x
      value: 0
      objectReference: {fileID: 0}
    - target: {fileID: 6216867736796538388, guid: 26bb05ba21926414cb16c89036840c2f, type: 3}
      propertyPath: m_LocalEulerAnglesHint.y
      value: 0
      objectReference: {fileID: 0}
    - target: {fileID: 6216867736796538388, guid: 26bb05ba21926414cb16c89036840c2f, type: 3}
      propertyPath: m_LocalEulerAnglesHint.z
      value: 0
      objectReference: {fileID: 0}
    m_RemovedComponents: []
  m_SourcePrefab: {fileID: 100100000, guid: 26bb05ba21926414cb16c89036840c2f, type: 3}
--- !u!4 &916442787813252619 stripped
Transform:
  m_CorrespondingSourceObject: {fileID: 6216867736796538388, guid: 26bb05ba21926414cb16c89036840c2f, type: 3}
  m_PrefabInstance: {fileID: 6553049274660943903}
  m_PrefabAsset: {fileID: 0}
--- !u!1001 &6657628971633951564
PrefabInstance:
  m_ObjectHideFlags: 0
  serializedVersion: 2
  m_Modification:
    m_TransformParent: {fileID: 6833125361130418160}
    m_Modifications:
    - target: {fileID: 4613338230698693844, guid: 7cadbeb0e931d5c48887f8ce4e4386eb, type: 3}
      propertyPath: m_RootOrder
      value: 1
      objectReference: {fileID: 0}
    - target: {fileID: 4613338230698693844, guid: 7cadbeb0e931d5c48887f8ce4e4386eb, type: 3}
      propertyPath: m_LocalPosition.x
      value: 13.838516
      objectReference: {fileID: 0}
    - target: {fileID: 4613338230698693844, guid: 7cadbeb0e931d5c48887f8ce4e4386eb, type: 3}
      propertyPath: m_LocalPosition.y
      value: -1.76
      objectReference: {fileID: 0}
    - target: {fileID: 4613338230698693844, guid: 7cadbeb0e931d5c48887f8ce4e4386eb, type: 3}
      propertyPath: m_LocalPosition.z
      value: -18.092472
      objectReference: {fileID: 0}
    - target: {fileID: 4613338230698693844, guid: 7cadbeb0e931d5c48887f8ce4e4386eb, type: 3}
      propertyPath: m_LocalRotation.w
      value: 0.40819556
      objectReference: {fileID: 0}
    - target: {fileID: 4613338230698693844, guid: 7cadbeb0e931d5c48887f8ce4e4386eb, type: 3}
      propertyPath: m_LocalRotation.x
      value: 0.000000099396516
      objectReference: {fileID: 0}
    - target: {fileID: 4613338230698693844, guid: 7cadbeb0e931d5c48887f8ce4e4386eb, type: 3}
      propertyPath: m_LocalRotation.y
      value: 0.9128945
      objectReference: {fileID: 0}
    - target: {fileID: 4613338230698693844, guid: 7cadbeb0e931d5c48887f8ce4e4386eb, type: 3}
      propertyPath: m_LocalRotation.z
      value: -0.00000004074553
      objectReference: {fileID: 0}
    - target: {fileID: 4613338230698693844, guid: 7cadbeb0e931d5c48887f8ce4e4386eb, type: 3}
      propertyPath: m_LocalEulerAnglesHint.x
      value: 0
      objectReference: {fileID: 0}
    - target: {fileID: 4613338230698693844, guid: 7cadbeb0e931d5c48887f8ce4e4386eb, type: 3}
      propertyPath: m_LocalEulerAnglesHint.y
      value: 131.817
      objectReference: {fileID: 0}
    - target: {fileID: 4613338230698693844, guid: 7cadbeb0e931d5c48887f8ce4e4386eb, type: 3}
      propertyPath: m_LocalEulerAnglesHint.z
      value: 0
      objectReference: {fileID: 0}
    - target: {fileID: 5911374275656673377, guid: 7cadbeb0e931d5c48887f8ce4e4386eb, type: 3}
      propertyPath: m_Name
      value: Tree_67
      objectReference: {fileID: 0}
    m_RemovedComponents: []
  m_SourcePrefab: {fileID: 100100000, guid: 7cadbeb0e931d5c48887f8ce4e4386eb, type: 3}
--- !u!4 &2045048656667678616 stripped
Transform:
  m_CorrespondingSourceObject: {fileID: 4613338230698693844, guid: 7cadbeb0e931d5c48887f8ce4e4386eb, type: 3}
  m_PrefabInstance: {fileID: 6657628971633951564}
  m_PrefabAsset: {fileID: 0}
--- !u!1001 &6686421661584825298
PrefabInstance:
  m_ObjectHideFlags: 0
  serializedVersion: 2
  m_Modification:
    m_TransformParent: {fileID: 6833125361130418160}
    m_Modifications:
    - target: {fileID: 3807566100858283551, guid: 14c88d5e000ab9240bd03dd6cc17bfc2, type: 3}
      propertyPath: m_RootOrder
      value: 12
      objectReference: {fileID: 0}
    - target: {fileID: 3807566100858283551, guid: 14c88d5e000ab9240bd03dd6cc17bfc2, type: 3}
      propertyPath: m_LocalPosition.x
      value: -20.369987
      objectReference: {fileID: 0}
    - target: {fileID: 3807566100858283551, guid: 14c88d5e000ab9240bd03dd6cc17bfc2, type: 3}
      propertyPath: m_LocalPosition.y
      value: -2
      objectReference: {fileID: 0}
    - target: {fileID: 3807566100858283551, guid: 14c88d5e000ab9240bd03dd6cc17bfc2, type: 3}
      propertyPath: m_LocalPosition.z
      value: -6.5399914
      objectReference: {fileID: 0}
    - target: {fileID: 3807566100858283551, guid: 14c88d5e000ab9240bd03dd6cc17bfc2, type: 3}
      propertyPath: m_LocalRotation.w
      value: -0.93194985
      objectReference: {fileID: 0}
    - target: {fileID: 3807566100858283551, guid: 14c88d5e000ab9240bd03dd6cc17bfc2, type: 3}
      propertyPath: m_LocalRotation.x
      value: -0
      objectReference: {fileID: 0}
    - target: {fileID: 3807566100858283551, guid: 14c88d5e000ab9240bd03dd6cc17bfc2, type: 3}
      propertyPath: m_LocalRotation.y
      value: 0.3625871
      objectReference: {fileID: 0}
    - target: {fileID: 3807566100858283551, guid: 14c88d5e000ab9240bd03dd6cc17bfc2, type: 3}
      propertyPath: m_LocalRotation.z
      value: -0
      objectReference: {fileID: 0}
    - target: {fileID: 3807566100858283551, guid: 14c88d5e000ab9240bd03dd6cc17bfc2, type: 3}
      propertyPath: m_LocalEulerAnglesHint.x
      value: 0
      objectReference: {fileID: 0}
    - target: {fileID: 3807566100858283551, guid: 14c88d5e000ab9240bd03dd6cc17bfc2, type: 3}
      propertyPath: m_LocalEulerAnglesHint.y
      value: 0
      objectReference: {fileID: 0}
    - target: {fileID: 3807566100858283551, guid: 14c88d5e000ab9240bd03dd6cc17bfc2, type: 3}
      propertyPath: m_LocalEulerAnglesHint.z
      value: 0
      objectReference: {fileID: 0}
    - target: {fileID: 6604302158764166913, guid: 14c88d5e000ab9240bd03dd6cc17bfc2, type: 3}
      propertyPath: m_Name
      value: TreeSmall (2)
      objectReference: {fileID: 0}
    m_RemovedComponents: []
  m_SourcePrefab: {fileID: 100100000, guid: 14c88d5e000ab9240bd03dd6cc17bfc2, type: 3}
--- !u!4 &7502363803062353357 stripped
Transform:
  m_CorrespondingSourceObject: {fileID: 3807566100858283551, guid: 14c88d5e000ab9240bd03dd6cc17bfc2, type: 3}
  m_PrefabInstance: {fileID: 6686421661584825298}
  m_PrefabAsset: {fileID: 0}
--- !u!1001 &7453385099385400028
PrefabInstance:
  m_ObjectHideFlags: 0
  serializedVersion: 2
  m_Modification:
    m_TransformParent: {fileID: 6833125361130418160}
    m_Modifications:
    - target: {fileID: 4613338230698693844, guid: 7cadbeb0e931d5c48887f8ce4e4386eb, type: 3}
      propertyPath: m_RootOrder
      value: 18
      objectReference: {fileID: 0}
    - target: {fileID: 4613338230698693844, guid: 7cadbeb0e931d5c48887f8ce4e4386eb, type: 3}
      propertyPath: m_LocalPosition.x
      value: -10.76
      objectReference: {fileID: 0}
    - target: {fileID: 4613338230698693844, guid: 7cadbeb0e931d5c48887f8ce4e4386eb, type: 3}
      propertyPath: m_LocalPosition.y
      value: -1.18
      objectReference: {fileID: 0}
    - target: {fileID: 4613338230698693844, guid: 7cadbeb0e931d5c48887f8ce4e4386eb, type: 3}
      propertyPath: m_LocalPosition.z
      value: -31.67
      objectReference: {fileID: 0}
    - target: {fileID: 4613338230698693844, guid: 7cadbeb0e931d5c48887f8ce4e4386eb, type: 3}
      propertyPath: m_LocalRotation.w
      value: -0.6953552
      objectReference: {fileID: 0}
    - target: {fileID: 4613338230698693844, guid: 7cadbeb0e931d5c48887f8ce4e4386eb, type: 3}
      propertyPath: m_LocalRotation.x
      value: -0.000000022177264
      objectReference: {fileID: 0}
    - target: {fileID: 4613338230698693844, guid: 7cadbeb0e931d5c48887f8ce4e4386eb, type: 3}
      propertyPath: m_LocalRotation.y
      value: 0.71866626
      objectReference: {fileID: 0}
    - target: {fileID: 4613338230698693844, guid: 7cadbeb0e931d5c48887f8ce4e4386eb, type: 3}
      propertyPath: m_LocalRotation.z
      value: -0.00000004671369
      objectReference: {fileID: 0}
    - target: {fileID: 4613338230698693844, guid: 7cadbeb0e931d5c48887f8ce4e4386eb, type: 3}
      propertyPath: m_LocalEulerAnglesHint.x
      value: 0
      objectReference: {fileID: 0}
    - target: {fileID: 4613338230698693844, guid: 7cadbeb0e931d5c48887f8ce4e4386eb, type: 3}
      propertyPath: m_LocalEulerAnglesHint.y
      value: 131.817
      objectReference: {fileID: 0}
    - target: {fileID: 4613338230698693844, guid: 7cadbeb0e931d5c48887f8ce4e4386eb, type: 3}
      propertyPath: m_LocalEulerAnglesHint.z
      value: 0
      objectReference: {fileID: 0}
    - target: {fileID: 5911374275656673377, guid: 7cadbeb0e931d5c48887f8ce4e4386eb, type: 3}
      propertyPath: m_Name
      value: Tree_67 (1)
      objectReference: {fileID: 0}
    m_RemovedComponents: []
  m_SourcePrefab: {fileID: 100100000, guid: 7cadbeb0e931d5c48887f8ce4e4386eb, type: 3}
--- !u!4 &2840189097619242504 stripped
Transform:
  m_CorrespondingSourceObject: {fileID: 4613338230698693844, guid: 7cadbeb0e931d5c48887f8ce4e4386eb, type: 3}
  m_PrefabInstance: {fileID: 7453385099385400028}
  m_PrefabAsset: {fileID: 0}
--- !u!1001 &7827263728187785327
PrefabInstance:
  m_ObjectHideFlags: 0
  serializedVersion: 2
  m_Modification:
    m_TransformParent: {fileID: 6833125361130418160}
    m_Modifications:
    - target: {fileID: 4613338230698693844, guid: 7cadbeb0e931d5c48887f8ce4e4386eb, type: 3}
      propertyPath: m_RootOrder
      value: 22
      objectReference: {fileID: 0}
    - target: {fileID: 4613338230698693844, guid: 7cadbeb0e931d5c48887f8ce4e4386eb, type: 3}
      propertyPath: m_LocalPosition.x
      value: -9.56
      objectReference: {fileID: 0}
    - target: {fileID: 4613338230698693844, guid: 7cadbeb0e931d5c48887f8ce4e4386eb, type: 3}
      propertyPath: m_LocalPosition.y
      value: -1.76
      objectReference: {fileID: 0}
    - target: {fileID: 4613338230698693844, guid: 7cadbeb0e931d5c48887f8ce4e4386eb, type: 3}
      propertyPath: m_LocalPosition.z
      value: 2.19
      objectReference: {fileID: 0}
    - target: {fileID: 4613338230698693844, guid: 7cadbeb0e931d5c48887f8ce4e4386eb, type: 3}
      propertyPath: m_LocalRotation.w
      value: -0.59513825
      objectReference: {fileID: 0}
    - target: {fileID: 4613338230698693844, guid: 7cadbeb0e931d5c48887f8ce4e4386eb, type: 3}
      propertyPath: m_LocalRotation.x
      value: 0
      objectReference: {fileID: 0}
    - target: {fileID: 4613338230698693844, guid: 7cadbeb0e931d5c48887f8ce4e4386eb, type: 3}
      propertyPath: m_LocalRotation.y
      value: 0.8036233
      objectReference: {fileID: 0}
    - target: {fileID: 4613338230698693844, guid: 7cadbeb0e931d5c48887f8ce4e4386eb, type: 3}
      propertyPath: m_LocalRotation.z
      value: -0
      objectReference: {fileID: 0}
    - target: {fileID: 4613338230698693844, guid: 7cadbeb0e931d5c48887f8ce4e4386eb, type: 3}
      propertyPath: m_LocalEulerAnglesHint.x
      value: 0
      objectReference: {fileID: 0}
    - target: {fileID: 4613338230698693844, guid: 7cadbeb0e931d5c48887f8ce4e4386eb, type: 3}
      propertyPath: m_LocalEulerAnglesHint.y
      value: 253.045
      objectReference: {fileID: 0}
    - target: {fileID: 4613338230698693844, guid: 7cadbeb0e931d5c48887f8ce4e4386eb, type: 3}
      propertyPath: m_LocalEulerAnglesHint.z
      value: 0
      objectReference: {fileID: 0}
    - target: {fileID: 5911374275656673377, guid: 7cadbeb0e931d5c48887f8ce4e4386eb, type: 3}
      propertyPath: m_Name
      value: Tree_67 (5)
      objectReference: {fileID: 0}
    m_RemovedComponents: []
  m_SourcePrefab: {fileID: 100100000, guid: 7cadbeb0e931d5c48887f8ce4e4386eb, type: 3}
--- !u!4 &3217215339492840635 stripped
Transform:
  m_CorrespondingSourceObject: {fileID: 4613338230698693844, guid: 7cadbeb0e931d5c48887f8ce4e4386eb, type: 3}
  m_PrefabInstance: {fileID: 7827263728187785327}
  m_PrefabAsset: {fileID: 0}
--- !u!1001 &8484576027308427280
PrefabInstance:
  m_ObjectHideFlags: 0
  serializedVersion: 2
  m_Modification:
    m_TransformParent: {fileID: 6833125361130418160}
    m_Modifications:
    - target: {fileID: 4613338230698693844, guid: 7cadbeb0e931d5c48887f8ce4e4386eb, type: 3}
      propertyPath: m_RootOrder
      value: 20
      objectReference: {fileID: 0}
    - target: {fileID: 4613338230698693844, guid: 7cadbeb0e931d5c48887f8ce4e4386eb, type: 3}
      propertyPath: m_LocalPosition.x
      value: 36.300003
      objectReference: {fileID: 0}
    - target: {fileID: 4613338230698693844, guid: 7cadbeb0e931d5c48887f8ce4e4386eb, type: 3}
      propertyPath: m_LocalPosition.y
      value: -1.76
      objectReference: {fileID: 0}
    - target: {fileID: 4613338230698693844, guid: 7cadbeb0e931d5c48887f8ce4e4386eb, type: 3}
      propertyPath: m_LocalPosition.z
      value: -22.300013
      objectReference: {fileID: 0}
    - target: {fileID: 4613338230698693844, guid: 7cadbeb0e931d5c48887f8ce4e4386eb, type: 3}
      propertyPath: m_LocalRotation.w
      value: -0.48347297
      objectReference: {fileID: 0}
    - target: {fileID: 4613338230698693844, guid: 7cadbeb0e931d5c48887f8ce4e4386eb, type: 3}
      propertyPath: m_LocalRotation.x
      value: -0.5804035
      objectReference: {fileID: 0}
    - target: {fileID: 4613338230698693844, guid: 7cadbeb0e931d5c48887f8ce4e4386eb, type: 3}
      propertyPath: m_LocalRotation.y
      value: 0.5897641
      objectReference: {fileID: 0}
    - target: {fileID: 4613338230698693844, guid: 7cadbeb0e931d5c48887f8ce4e4386eb, type: 3}
      propertyPath: m_LocalRotation.z
      value: -0.2855941
      objectReference: {fileID: 0}
    - target: {fileID: 4613338230698693844, guid: 7cadbeb0e931d5c48887f8ce4e4386eb, type: 3}
      propertyPath: m_LocalEulerAnglesHint.x
      value: 0
      objectReference: {fileID: 0}
    - target: {fileID: 4613338230698693844, guid: 7cadbeb0e931d5c48887f8ce4e4386eb, type: 3}
      propertyPath: m_LocalEulerAnglesHint.y
      value: 131.817
      objectReference: {fileID: 0}
    - target: {fileID: 4613338230698693844, guid: 7cadbeb0e931d5c48887f8ce4e4386eb, type: 3}
      propertyPath: m_LocalEulerAnglesHint.z
      value: 0
      objectReference: {fileID: 0}
    - target: {fileID: 5911374275656673377, guid: 7cadbeb0e931d5c48887f8ce4e4386eb, type: 3}
      propertyPath: m_Name
      value: Tree_67 (3)
      objectReference: {fileID: 0}
    m_RemovedComponents: []
  m_SourcePrefab: {fileID: 100100000, guid: 7cadbeb0e931d5c48887f8ce4e4386eb, type: 3}
--- !u!4 &3871576550478830788 stripped
Transform:
  m_CorrespondingSourceObject: {fileID: 4613338230698693844, guid: 7cadbeb0e931d5c48887f8ce4e4386eb, type: 3}
  m_PrefabInstance: {fileID: 8484576027308427280}
  m_PrefabAsset: {fileID: 0}
--- !u!1001 &8974461426915657695
PrefabInstance:
  m_ObjectHideFlags: 0
  serializedVersion: 2
  m_Modification:
    m_TransformParent: {fileID: 6833125361130418160}
    m_Modifications:
    - target: {fileID: 8574016968872527906, guid: b47b1c33f53f574489e68525b995683f, type: 3}
      propertyPath: m_RootOrder
      value: 3
      objectReference: {fileID: 0}
    - target: {fileID: 8574016968872527906, guid: b47b1c33f53f574489e68525b995683f, type: 3}
      propertyPath: m_LocalPosition.x
      value: -1.6
      objectReference: {fileID: 0}
    - target: {fileID: 8574016968872527906, guid: b47b1c33f53f574489e68525b995683f, type: 3}
      propertyPath: m_LocalPosition.y
      value: -1.580492
      objectReference: {fileID: 0}
    - target: {fileID: 8574016968872527906, guid: b47b1c33f53f574489e68525b995683f, type: 3}
      propertyPath: m_LocalPosition.z
      value: -35.4
      objectReference: {fileID: 0}
    - target: {fileID: 8574016968872527906, guid: b47b1c33f53f574489e68525b995683f, type: 3}
      propertyPath: m_LocalRotation.w
      value: 0.7908449
      objectReference: {fileID: 0}
    - target: {fileID: 8574016968872527906, guid: b47b1c33f53f574489e68525b995683f, type: 3}
      propertyPath: m_LocalRotation.x
      value: -0
      objectReference: {fileID: 0}
    - target: {fileID: 8574016968872527906, guid: b47b1c33f53f574489e68525b995683f, type: 3}
      propertyPath: m_LocalRotation.y
      value: 0.6120167
      objectReference: {fileID: 0}
    - target: {fileID: 8574016968872527906, guid: b47b1c33f53f574489e68525b995683f, type: 3}
      propertyPath: m_LocalRotation.z
      value: -0
      objectReference: {fileID: 0}
    - target: {fileID: 8574016968872527906, guid: b47b1c33f53f574489e68525b995683f, type: 3}
      propertyPath: m_LocalEulerAnglesHint.x
      value: 0
      objectReference: {fileID: 0}
    - target: {fileID: 8574016968872527906, guid: b47b1c33f53f574489e68525b995683f, type: 3}
      propertyPath: m_LocalEulerAnglesHint.y
      value: 75.471
      objectReference: {fileID: 0}
    - target: {fileID: 8574016968872527906, guid: b47b1c33f53f574489e68525b995683f, type: 3}
      propertyPath: m_LocalEulerAnglesHint.z
      value: 0
      objectReference: {fileID: 0}
    - target: {fileID: 8763794682428367732, guid: b47b1c33f53f574489e68525b995683f, type: 3}
      propertyPath: m_Name
      value: L1_Exterior_Stones_14 (3)
      objectReference: {fileID: 0}
    m_RemovedComponents: []
  m_SourcePrefab: {fileID: 100100000, guid: b47b1c33f53f574489e68525b995683f, type: 3}
--- !u!4 &753990236019707901 stripped
Transform:
  m_CorrespondingSourceObject: {fileID: 8574016968872527906, guid: b47b1c33f53f574489e68525b995683f, type: 3}
  m_PrefabInstance: {fileID: 8974461426915657695}
  m_PrefabAsset: {fileID: 0}
