%YAML 1.1
%TAG !u! tag:unity3d.com,2011:
--- !u!1 &7350125638883467982
GameObject:
  m_ObjectHideFlags: 0
  m_CorrespondingSourceObject: {fileID: 0}
  m_PrefabInstance: {fileID: 0}
  m_PrefabAsset: {fileID: 0}
  serializedVersion: 6
  m_Component:
  - component: {fileID: 7350125638883467983}
  m_Layer: 0
  m_Name: Bar_Props
  m_TagString: Untagged
  m_Icon: {fileID: 0}
  m_NavMeshLayer: 0
  m_StaticEditorFlags: 0
  m_IsActive: 1
--- !u!4 &7350125638883467983
Transform:
  m_ObjectHideFlags: 0
  m_CorrespondingSourceObject: {fileID: 0}
  m_PrefabInstance: {fileID: 0}
  m_PrefabAsset: {fileID: 0}
  m_GameObject: {fileID: 7350125638883467982}
  m_LocalRotation: {x: 0, y: 0, z: 0, w: 1}
  m_LocalPosition: {x: 0, y: 0, z: 2.06}
  m_LocalScale: {x: 1, y: 1, z: 1}
  m_ConstrainProportionsScale: 0
  m_Children:
  - {fileID: 405780770202079393}
  - {fileID: 2327972752107004382}
  - {fileID: 6187339194375171085}
  - {fileID: 9026777791510296778}
  - {fileID: 4587049921605447057}
  - {fileID: 6297095968400079659}
  - {fileID: 4581257791603569495}
  - {fileID: 7839482396555543028}
  - {fileID: 7350125638484149814}
  - {fileID: 924546406074843435}
  - {fileID: 1189337546808314417}
  - {fileID: 5193038083210959316}
  - {fileID: 8020276070213361561}
  - {fileID: 8650721404401757965}
  - {fileID: 7350125637299669540}
  - {fileID: 5767319448916411320}
  m_Father: {fileID: 0}
  m_RootOrder: 0
  m_LocalEulerAnglesHint: {x: 0, y: 0, z: 0}
--- !u!1001 &587959787043082468
PrefabInstance:
  m_ObjectHideFlags: 0
  serializedVersion: 2
  m_Modification:
    m_TransformParent: {fileID: 7350125638883467983}
    m_Modifications:
    - target: {fileID: 3999376608903069045, guid: 692e1e241452ee1449686b782554d62c, type: 3}
      propertyPath: m_RootOrder
      value: 4
      objectReference: {fileID: 0}
    - target: {fileID: 3999376608903069045, guid: 692e1e241452ee1449686b782554d62c, type: 3}
      propertyPath: m_LocalPosition.x
      value: 0.16
      objectReference: {fileID: 0}
    - target: {fileID: 3999376608903069045, guid: 692e1e241452ee1449686b782554d62c, type: 3}
      propertyPath: m_LocalPosition.y
      value: 0.0070170164
      objectReference: {fileID: 0}
    - target: {fileID: 3999376608903069045, guid: 692e1e241452ee1449686b782554d62c, type: 3}
      propertyPath: m_LocalPosition.z
      value: 1.83
      objectReference: {fileID: 0}
    - target: {fileID: 3999376608903069045, guid: 692e1e241452ee1449686b782554d62c, type: 3}
      propertyPath: m_LocalRotation.w
      value: 1
      objectReference: {fileID: 0}
    - target: {fileID: 3999376608903069045, guid: 692e1e241452ee1449686b782554d62c, type: 3}
      propertyPath: m_LocalRotation.x
      value: -0
      objectReference: {fileID: 0}
    - target: {fileID: 3999376608903069045, guid: 692e1e241452ee1449686b782554d62c, type: 3}
      propertyPath: m_LocalRotation.y
      value: -0
      objectReference: {fileID: 0}
    - target: {fileID: 3999376608903069045, guid: 692e1e241452ee1449686b782554d62c, type: 3}
      propertyPath: m_LocalRotation.z
      value: -0
      objectReference: {fileID: 0}
    - target: {fileID: 3999376608903069045, guid: 692e1e241452ee1449686b782554d62c, type: 3}
      propertyPath: m_LocalEulerAnglesHint.x
      value: 0
      objectReference: {fileID: 0}
    - target: {fileID: 3999376608903069045, guid: 692e1e241452ee1449686b782554d62c, type: 3}
      propertyPath: m_LocalEulerAnglesHint.y
      value: 0
      objectReference: {fileID: 0}
    - target: {fileID: 3999376608903069045, guid: 692e1e241452ee1449686b782554d62c, type: 3}
      propertyPath: m_LocalEulerAnglesHint.z
      value: 0
      objectReference: {fileID: 0}
    - target: {fileID: 4295963430145459395, guid: 692e1e241452ee1449686b782554d62c, type: 3}
      propertyPath: m_Name
      value: Bar_chair5
      objectReference: {fileID: 0}
    m_RemovedComponents: []
  m_SourcePrefab: {fileID: 100100000, guid: 692e1e241452ee1449686b782554d62c, type: 3}
--- !u!4 &4587049921605447057 stripped
Transform:
  m_CorrespondingSourceObject: {fileID: 3999376608903069045, guid: 692e1e241452ee1449686b782554d62c, type: 3}
  m_PrefabInstance: {fileID: 587959787043082468}
  m_PrefabAsset: {fileID: 0}
--- !u!1001 &594952258502584703
PrefabInstance:
  m_ObjectHideFlags: 0
  serializedVersion: 2
  m_Modification:
    m_TransformParent: {fileID: 7350125638883467983}
    m_Modifications:
    - target: {fileID: 2740504246898747951, guid: cc185a12170bdb14b926730b3f08afea, type: 3}
      propertyPath: m_Name
      value: Bar_chair4
      objectReference: {fileID: 0}
    - target: {fileID: 8431934213196337589, guid: cc185a12170bdb14b926730b3f08afea, type: 3}
      propertyPath: m_RootOrder
      value: 3
      objectReference: {fileID: 0}
    - target: {fileID: 8431934213196337589, guid: cc185a12170bdb14b926730b3f08afea, type: 3}
      propertyPath: m_LocalPosition.x
      value: 0.16
      objectReference: {fileID: 0}
    - target: {fileID: 8431934213196337589, guid: cc185a12170bdb14b926730b3f08afea, type: 3}
      propertyPath: m_LocalPosition.y
      value: 0.0070170164
      objectReference: {fileID: 0}
    - target: {fileID: 8431934213196337589, guid: cc185a12170bdb14b926730b3f08afea, type: 3}
      propertyPath: m_LocalPosition.z
      value: 2.97
      objectReference: {fileID: 0}
    - target: {fileID: 8431934213196337589, guid: cc185a12170bdb14b926730b3f08afea, type: 3}
      propertyPath: m_LocalRotation.w
      value: 1
      objectReference: {fileID: 0}
    - target: {fileID: 8431934213196337589, guid: cc185a12170bdb14b926730b3f08afea, type: 3}
      propertyPath: m_LocalRotation.x
      value: -0
      objectReference: {fileID: 0}
    - target: {fileID: 8431934213196337589, guid: cc185a12170bdb14b926730b3f08afea, type: 3}
      propertyPath: m_LocalRotation.y
      value: -0
      objectReference: {fileID: 0}
    - target: {fileID: 8431934213196337589, guid: cc185a12170bdb14b926730b3f08afea, type: 3}
      propertyPath: m_LocalRotation.z
      value: -0
      objectReference: {fileID: 0}
    - target: {fileID: 8431934213196337589, guid: cc185a12170bdb14b926730b3f08afea, type: 3}
      propertyPath: m_LocalEulerAnglesHint.x
      value: 0
      objectReference: {fileID: 0}
    - target: {fileID: 8431934213196337589, guid: cc185a12170bdb14b926730b3f08afea, type: 3}
      propertyPath: m_LocalEulerAnglesHint.y
      value: 0
      objectReference: {fileID: 0}
    - target: {fileID: 8431934213196337589, guid: cc185a12170bdb14b926730b3f08afea, type: 3}
      propertyPath: m_LocalEulerAnglesHint.z
      value: 0
      objectReference: {fileID: 0}
    m_RemovedComponents: []
  m_SourcePrefab: {fileID: 100100000, guid: cc185a12170bdb14b926730b3f08afea, type: 3}
--- !u!4 &9026777791510296778 stripped
Transform:
  m_CorrespondingSourceObject: {fileID: 8431934213196337589, guid: cc185a12170bdb14b926730b3f08afea, type: 3}
  m_PrefabInstance: {fileID: 594952258502584703}
  m_PrefabAsset: {fileID: 0}
--- !u!1001 &1101774491635197209
PrefabInstance:
  m_ObjectHideFlags: 0
  serializedVersion: 2
  m_Modification:
    m_TransformParent: {fileID: 7350125638883467983}
    m_Modifications:
    - target: {fileID: 5238232947571945329, guid: 2b19ebd193616e843ad8b41f07939b8b, type: 3}
      propertyPath: m_Name
      value: Bar_decor
      objectReference: {fileID: 0}
    - target: {fileID: 6864585805421995681, guid: 2b19ebd193616e843ad8b41f07939b8b, type: 3}
      propertyPath: m_RootOrder
      value: 15
      objectReference: {fileID: 0}
    - target: {fileID: 6864585805421995681, guid: 2b19ebd193616e843ad8b41f07939b8b, type: 3}
      propertyPath: m_LocalPosition.x
      value: 6.33
      objectReference: {fileID: 0}
    - target: {fileID: 6864585805421995681, guid: 2b19ebd193616e843ad8b41f07939b8b, type: 3}
      propertyPath: m_LocalPosition.y
      value: 0.0070170164
      objectReference: {fileID: 0}
    - target: {fileID: 6864585805421995681, guid: 2b19ebd193616e843ad8b41f07939b8b, type: 3}
      propertyPath: m_LocalPosition.z
      value: 0.26
      objectReference: {fileID: 0}
    - target: {fileID: 6864585805421995681, guid: 2b19ebd193616e843ad8b41f07939b8b, type: 3}
      propertyPath: m_LocalRotation.w
      value: 1
      objectReference: {fileID: 0}
    - target: {fileID: 6864585805421995681, guid: 2b19ebd193616e843ad8b41f07939b8b, type: 3}
      propertyPath: m_LocalRotation.x
      value: -0
      objectReference: {fileID: 0}
    - target: {fileID: 6864585805421995681, guid: 2b19ebd193616e843ad8b41f07939b8b, type: 3}
      propertyPath: m_LocalRotation.y
      value: -0
      objectReference: {fileID: 0}
    - target: {fileID: 6864585805421995681, guid: 2b19ebd193616e843ad8b41f07939b8b, type: 3}
      propertyPath: m_LocalRotation.z
      value: -0
      objectReference: {fileID: 0}
    - target: {fileID: 6864585805421995681, guid: 2b19ebd193616e843ad8b41f07939b8b, type: 3}
      propertyPath: m_LocalEulerAnglesHint.x
      value: 0
      objectReference: {fileID: 0}
    - target: {fileID: 6864585805421995681, guid: 2b19ebd193616e843ad8b41f07939b8b, type: 3}
      propertyPath: m_LocalEulerAnglesHint.y
      value: 0
      objectReference: {fileID: 0}
    - target: {fileID: 6864585805421995681, guid: 2b19ebd193616e843ad8b41f07939b8b, type: 3}
      propertyPath: m_LocalEulerAnglesHint.z
      value: 0
      objectReference: {fileID: 0}
    m_RemovedComponents: []
  m_SourcePrefab: {fileID: 100100000, guid: 2b19ebd193616e843ad8b41f07939b8b, type: 3}
--- !u!4 &5767319448916411320 stripped
Transform:
  m_CorrespondingSourceObject: {fileID: 6864585805421995681, guid: 2b19ebd193616e843ad8b41f07939b8b, type: 3}
  m_PrefabInstance: {fileID: 1101774491635197209}
  m_PrefabAsset: {fileID: 0}
--- !u!1001 &1162919343562437727
PrefabInstance:
  m_ObjectHideFlags: 0
  serializedVersion: 2
  m_Modification:
    m_TransformParent: {fileID: 7350125638883467983}
    m_Modifications:
    - target: {fileID: 5043570665671448658, guid: 8aeae9110950c8244a0eaae19de7b97a, type: 3}
      propertyPath: m_RootOrder
      value: 2
      objectReference: {fileID: 0}
    - target: {fileID: 5043570665671448658, guid: 8aeae9110950c8244a0eaae19de7b97a, type: 3}
      propertyPath: m_LocalPosition.x
      value: 0.16
      objectReference: {fileID: 0}
    - target: {fileID: 5043570665671448658, guid: 8aeae9110950c8244a0eaae19de7b97a, type: 3}
      propertyPath: m_LocalPosition.y
      value: 0.0070170164
      objectReference: {fileID: 0}
    - target: {fileID: 5043570665671448658, guid: 8aeae9110950c8244a0eaae19de7b97a, type: 3}
      propertyPath: m_LocalPosition.z
      value: 4.1
      objectReference: {fileID: 0}
    - target: {fileID: 5043570665671448658, guid: 8aeae9110950c8244a0eaae19de7b97a, type: 3}
      propertyPath: m_LocalRotation.w
      value: 1
      objectReference: {fileID: 0}
    - target: {fileID: 5043570665671448658, guid: 8aeae9110950c8244a0eaae19de7b97a, type: 3}
      propertyPath: m_LocalRotation.x
      value: -0
      objectReference: {fileID: 0}
    - target: {fileID: 5043570665671448658, guid: 8aeae9110950c8244a0eaae19de7b97a, type: 3}
      propertyPath: m_LocalRotation.y
      value: -0
      objectReference: {fileID: 0}
    - target: {fileID: 5043570665671448658, guid: 8aeae9110950c8244a0eaae19de7b97a, type: 3}
      propertyPath: m_LocalRotation.z
      value: -0
      objectReference: {fileID: 0}
    - target: {fileID: 5043570665671448658, guid: 8aeae9110950c8244a0eaae19de7b97a, type: 3}
      propertyPath: m_LocalEulerAnglesHint.x
      value: 0
      objectReference: {fileID: 0}
    - target: {fileID: 5043570665671448658, guid: 8aeae9110950c8244a0eaae19de7b97a, type: 3}
      propertyPath: m_LocalEulerAnglesHint.y
      value: 0
      objectReference: {fileID: 0}
    - target: {fileID: 5043570665671448658, guid: 8aeae9110950c8244a0eaae19de7b97a, type: 3}
      propertyPath: m_LocalEulerAnglesHint.z
      value: 0
      objectReference: {fileID: 0}
    - target: {fileID: 7816181464648664488, guid: 8aeae9110950c8244a0eaae19de7b97a, type: 3}
      propertyPath: m_Name
      value: Bar_chair3
      objectReference: {fileID: 0}
    m_RemovedComponents: []
  m_SourcePrefab: {fileID: 100100000, guid: 8aeae9110950c8244a0eaae19de7b97a, type: 3}
--- !u!4 &6187339194375171085 stripped
Transform:
  m_CorrespondingSourceObject: {fileID: 5043570665671448658, guid: 8aeae9110950c8244a0eaae19de7b97a, type: 3}
  m_PrefabInstance: {fileID: 1162919343562437727}
  m_PrefabAsset: {fileID: 0}
--- !u!1001 &1345905482889918913
PrefabInstance:
  m_ObjectHideFlags: 0
  serializedVersion: 2
  m_Modification:
    m_TransformParent: {fileID: 7350125638883467983}
    m_Modifications:
    - target: {fileID: 2124111328491123658, guid: 2c7a7ab5ea736764e8f057a133be54f2, type: 3}
      propertyPath: m_Name
      value: Bar_chair7
      objectReference: {fileID: 0}
    - target: {fileID: 3260175498506013334, guid: 2c7a7ab5ea736764e8f057a133be54f2, type: 3}
      propertyPath: m_RootOrder
      value: 6
      objectReference: {fileID: 0}
    - target: {fileID: 3260175498506013334, guid: 2c7a7ab5ea736764e8f057a133be54f2, type: 3}
      propertyPath: m_LocalPosition.x
      value: 0.16
      objectReference: {fileID: 0}
    - target: {fileID: 3260175498506013334, guid: 2c7a7ab5ea736764e8f057a133be54f2, type: 3}
      propertyPath: m_LocalPosition.y
      value: 0.0070170164
      objectReference: {fileID: 0}
    - target: {fileID: 3260175498506013334, guid: 2c7a7ab5ea736764e8f057a133be54f2, type: 3}
      propertyPath: m_LocalPosition.z
      value: -0.08
      objectReference: {fileID: 0}
    - target: {fileID: 3260175498506013334, guid: 2c7a7ab5ea736764e8f057a133be54f2, type: 3}
      propertyPath: m_LocalRotation.w
      value: 1
      objectReference: {fileID: 0}
    - target: {fileID: 3260175498506013334, guid: 2c7a7ab5ea736764e8f057a133be54f2, type: 3}
      propertyPath: m_LocalRotation.x
      value: -0
      objectReference: {fileID: 0}
    - target: {fileID: 3260175498506013334, guid: 2c7a7ab5ea736764e8f057a133be54f2, type: 3}
      propertyPath: m_LocalRotation.y
      value: -0
      objectReference: {fileID: 0}
    - target: {fileID: 3260175498506013334, guid: 2c7a7ab5ea736764e8f057a133be54f2, type: 3}
      propertyPath: m_LocalRotation.z
      value: -0
      objectReference: {fileID: 0}
    - target: {fileID: 3260175498506013334, guid: 2c7a7ab5ea736764e8f057a133be54f2, type: 3}
      propertyPath: m_LocalEulerAnglesHint.x
      value: 0
      objectReference: {fileID: 0}
    - target: {fileID: 3260175498506013334, guid: 2c7a7ab5ea736764e8f057a133be54f2, type: 3}
      propertyPath: m_LocalEulerAnglesHint.y
      value: 0
      objectReference: {fileID: 0}
    - target: {fileID: 3260175498506013334, guid: 2c7a7ab5ea736764e8f057a133be54f2, type: 3}
      propertyPath: m_LocalEulerAnglesHint.z
      value: 0
      objectReference: {fileID: 0}
    m_RemovedComponents: []
  m_SourcePrefab: {fileID: 100100000, guid: 2c7a7ab5ea736764e8f057a133be54f2, type: 3}
--- !u!4 &4581257791603569495 stripped
Transform:
  m_CorrespondingSourceObject: {fileID: 3260175498506013334, guid: 2c7a7ab5ea736764e8f057a133be54f2, type: 3}
  m_PrefabInstance: {fileID: 1345905482889918913}
  m_PrefabAsset: {fileID: 0}
--- !u!1001 &1385621966879623482
PrefabInstance:
  m_ObjectHideFlags: 0
  serializedVersion: 2
  m_Modification:
    m_TransformParent: {fileID: 7350125638883467983}
    m_Modifications:
    - target: {fileID: 5825497965440657812, guid: d50dcb986a281cb4291a77032e9ab098, type: 3}
      propertyPath: m_Name
      value: Bar_darts_3
      objectReference: {fileID: 0}
    - target: {fileID: 8968647361424561827, guid: d50dcb986a281cb4291a77032e9ab098, type: 3}
      propertyPath: m_RootOrder
      value: 12
      objectReference: {fileID: 0}
    - target: {fileID: 8968647361424561827, guid: d50dcb986a281cb4291a77032e9ab098, type: 3}
      propertyPath: m_LocalPosition.x
      value: -1.04
      objectReference: {fileID: 0}
    - target: {fileID: 8968647361424561827, guid: d50dcb986a281cb4291a77032e9ab098, type: 3}
      propertyPath: m_LocalPosition.y
      value: 0.0070170164
      objectReference: {fileID: 0}
    - target: {fileID: 8968647361424561827, guid: d50dcb986a281cb4291a77032e9ab098, type: 3}
      propertyPath: m_LocalPosition.z
      value: -10.71
      objectReference: {fileID: 0}
    - target: {fileID: 8968647361424561827, guid: d50dcb986a281cb4291a77032e9ab098, type: 3}
      propertyPath: m_LocalRotation.w
      value: 1
      objectReference: {fileID: 0}
    - target: {fileID: 8968647361424561827, guid: d50dcb986a281cb4291a77032e9ab098, type: 3}
      propertyPath: m_LocalRotation.x
      value: -0
      objectReference: {fileID: 0}
    - target: {fileID: 8968647361424561827, guid: d50dcb986a281cb4291a77032e9ab098, type: 3}
      propertyPath: m_LocalRotation.y
      value: -0
      objectReference: {fileID: 0}
    - target: {fileID: 8968647361424561827, guid: d50dcb986a281cb4291a77032e9ab098, type: 3}
      propertyPath: m_LocalRotation.z
      value: -0
      objectReference: {fileID: 0}
    - target: {fileID: 8968647361424561827, guid: d50dcb986a281cb4291a77032e9ab098, type: 3}
      propertyPath: m_LocalEulerAnglesHint.x
      value: 0
      objectReference: {fileID: 0}
    - target: {fileID: 8968647361424561827, guid: d50dcb986a281cb4291a77032e9ab098, type: 3}
      propertyPath: m_LocalEulerAnglesHint.y
      value: 0
      objectReference: {fileID: 0}
    - target: {fileID: 8968647361424561827, guid: d50dcb986a281cb4291a77032e9ab098, type: 3}
      propertyPath: m_LocalEulerAnglesHint.z
      value: 0
      objectReference: {fileID: 0}
    m_RemovedComponents: []
  m_SourcePrefab: {fileID: 100100000, guid: d50dcb986a281cb4291a77032e9ab098, type: 3}
--- !u!4 &8020276070213361561 stripped
Transform:
  m_CorrespondingSourceObject: {fileID: 8968647361424561827, guid: d50dcb986a281cb4291a77032e9ab098, type: 3}
  m_PrefabInstance: {fileID: 1385621966879623482}
  m_PrefabAsset: {fileID: 0}
--- !u!1001 &4345592775355291937
PrefabInstance:
  m_ObjectHideFlags: 0
  serializedVersion: 2
  m_Modification:
    m_TransformParent: {fileID: 7350125638883467983}
    m_Modifications:
    - target: {fileID: 3322851238722273360, guid: 630779f559dd0e64fb52b338dedbc5d9, type: 3}
      propertyPath: m_Name
      value: Bar_chair1
      objectReference: {fileID: 0}
    - target: {fileID: 4174620178188470656, guid: 630779f559dd0e64fb52b338dedbc5d9, type: 3}
      propertyPath: m_RootOrder
      value: 0
      objectReference: {fileID: 0}
    - target: {fileID: 4174620178188470656, guid: 630779f559dd0e64fb52b338dedbc5d9, type: 3}
      propertyPath: m_LocalPosition.x
      value: 0.16
      objectReference: {fileID: 0}
    - target: {fileID: 4174620178188470656, guid: 630779f559dd0e64fb52b338dedbc5d9, type: 3}
      propertyPath: m_LocalPosition.y
      value: 0.0070170164
      objectReference: {fileID: 0}
    - target: {fileID: 4174620178188470656, guid: 630779f559dd0e64fb52b338dedbc5d9, type: 3}
      propertyPath: m_LocalPosition.z
      value: 6.76
      objectReference: {fileID: 0}
    - target: {fileID: 4174620178188470656, guid: 630779f559dd0e64fb52b338dedbc5d9, type: 3}
      propertyPath: m_LocalRotation.w
      value: 1
      objectReference: {fileID: 0}
    - target: {fileID: 4174620178188470656, guid: 630779f559dd0e64fb52b338dedbc5d9, type: 3}
      propertyPath: m_LocalRotation.x
      value: -0
      objectReference: {fileID: 0}
    - target: {fileID: 4174620178188470656, guid: 630779f559dd0e64fb52b338dedbc5d9, type: 3}
      propertyPath: m_LocalRotation.y
      value: -0
      objectReference: {fileID: 0}
    - target: {fileID: 4174620178188470656, guid: 630779f559dd0e64fb52b338dedbc5d9, type: 3}
      propertyPath: m_LocalRotation.z
      value: -0
      objectReference: {fileID: 0}
    - target: {fileID: 4174620178188470656, guid: 630779f559dd0e64fb52b338dedbc5d9, type: 3}
      propertyPath: m_LocalEulerAnglesHint.x
      value: 0
      objectReference: {fileID: 0}
    - target: {fileID: 4174620178188470656, guid: 630779f559dd0e64fb52b338dedbc5d9, type: 3}
      propertyPath: m_LocalEulerAnglesHint.y
      value: 0
      objectReference: {fileID: 0}
    - target: {fileID: 4174620178188470656, guid: 630779f559dd0e64fb52b338dedbc5d9, type: 3}
      propertyPath: m_LocalEulerAnglesHint.z
      value: 0
      objectReference: {fileID: 0}
    m_RemovedComponents: []
  m_SourcePrefab: {fileID: 100100000, guid: 630779f559dd0e64fb52b338dedbc5d9, type: 3}
--- !u!4 &405780770202079393 stripped
Transform:
  m_CorrespondingSourceObject: {fileID: 4174620178188470656, guid: 630779f559dd0e64fb52b338dedbc5d9, type: 3}
  m_PrefabInstance: {fileID: 4345592775355291937}
  m_PrefabAsset: {fileID: 0}
--- !u!1001 &5752751952340991491
PrefabInstance:
  m_ObjectHideFlags: 0
  serializedVersion: 2
  m_Modification:
    m_TransformParent: {fileID: 7350125638883467983}
    m_Modifications:
    - target: {fileID: 1780652486818776360, guid: d38d3bca725b77f43ae962398f5b5f6e, type: 3}
      propertyPath: m_RootOrder
      value: 5
      objectReference: {fileID: 0}
    - target: {fileID: 1780652486818776360, guid: d38d3bca725b77f43ae962398f5b5f6e, type: 3}
      propertyPath: m_LocalPosition.x
      value: 0.16
      objectReference: {fileID: 0}
    - target: {fileID: 1780652486818776360, guid: d38d3bca725b77f43ae962398f5b5f6e, type: 3}
      propertyPath: m_LocalPosition.y
      value: 0.0070170164
      objectReference: {fileID: 0}
    - target: {fileID: 1780652486818776360, guid: d38d3bca725b77f43ae962398f5b5f6e, type: 3}
      propertyPath: m_LocalPosition.z
      value: 0.89
      objectReference: {fileID: 0}
    - target: {fileID: 1780652486818776360, guid: d38d3bca725b77f43ae962398f5b5f6e, type: 3}
      propertyPath: m_LocalRotation.w
      value: 1
      objectReference: {fileID: 0}
    - target: {fileID: 1780652486818776360, guid: d38d3bca725b77f43ae962398f5b5f6e, type: 3}
      propertyPath: m_LocalRotation.x
      value: -0
      objectReference: {fileID: 0}
    - target: {fileID: 1780652486818776360, guid: d38d3bca725b77f43ae962398f5b5f6e, type: 3}
      propertyPath: m_LocalRotation.y
      value: -0
      objectReference: {fileID: 0}
    - target: {fileID: 1780652486818776360, guid: d38d3bca725b77f43ae962398f5b5f6e, type: 3}
      propertyPath: m_LocalRotation.z
      value: -0
      objectReference: {fileID: 0}
    - target: {fileID: 1780652486818776360, guid: d38d3bca725b77f43ae962398f5b5f6e, type: 3}
      propertyPath: m_LocalEulerAnglesHint.x
      value: 0
      objectReference: {fileID: 0}
    - target: {fileID: 1780652486818776360, guid: d38d3bca725b77f43ae962398f5b5f6e, type: 3}
      propertyPath: m_LocalEulerAnglesHint.y
      value: 0
      objectReference: {fileID: 0}
    - target: {fileID: 1780652486818776360, guid: d38d3bca725b77f43ae962398f5b5f6e, type: 3}
      propertyPath: m_LocalEulerAnglesHint.z
      value: 0
      objectReference: {fileID: 0}
    - target: {fileID: 4982019335876028033, guid: d38d3bca725b77f43ae962398f5b5f6e, type: 3}
      propertyPath: m_Name
      value: Bar_chair6
      objectReference: {fileID: 0}
    m_RemovedComponents: []
  m_SourcePrefab: {fileID: 100100000, guid: d38d3bca725b77f43ae962398f5b5f6e, type: 3}
--- !u!4 &6297095968400079659 stripped
Transform:
  m_CorrespondingSourceObject: {fileID: 1780652486818776360, guid: d38d3bca725b77f43ae962398f5b5f6e, type: 3}
  m_PrefabInstance: {fileID: 5752751952340991491}
  m_PrefabAsset: {fileID: 0}
--- !u!1001 &6475842509999946623
PrefabInstance:
  m_ObjectHideFlags: 0
  serializedVersion: 2
  m_Modification:
    m_TransformParent: {fileID: 7350125638883467983}
    m_Modifications:
    - target: {fileID: 2079554369298075085, guid: 38545a2800f283c4385a3b06ca2cae2a, type: 3}
      propertyPath: m_Name
      value: Bar_chair2
      objectReference: {fileID: 0}
    - target: {fileID: 8759587662157568673, guid: 38545a2800f283c4385a3b06ca2cae2a, type: 3}
      propertyPath: m_RootOrder
      value: 1
      objectReference: {fileID: 0}
    - target: {fileID: 8759587662157568673, guid: 38545a2800f283c4385a3b06ca2cae2a, type: 3}
      propertyPath: m_LocalPosition.x
      value: 0.16
      objectReference: {fileID: 0}
    - target: {fileID: 8759587662157568673, guid: 38545a2800f283c4385a3b06ca2cae2a, type: 3}
      propertyPath: m_LocalPosition.y
      value: 0.0070170164
      objectReference: {fileID: 0}
    - target: {fileID: 8759587662157568673, guid: 38545a2800f283c4385a3b06ca2cae2a, type: 3}
      propertyPath: m_LocalPosition.z
      value: 5.47
      objectReference: {fileID: 0}
    - target: {fileID: 8759587662157568673, guid: 38545a2800f283c4385a3b06ca2cae2a, type: 3}
      propertyPath: m_LocalRotation.w
      value: 1
      objectReference: {fileID: 0}
    - target: {fileID: 8759587662157568673, guid: 38545a2800f283c4385a3b06ca2cae2a, type: 3}
      propertyPath: m_LocalRotation.x
      value: -0
      objectReference: {fileID: 0}
    - target: {fileID: 8759587662157568673, guid: 38545a2800f283c4385a3b06ca2cae2a, type: 3}
      propertyPath: m_LocalRotation.y
      value: -0
      objectReference: {fileID: 0}
    - target: {fileID: 8759587662157568673, guid: 38545a2800f283c4385a3b06ca2cae2a, type: 3}
      propertyPath: m_LocalRotation.z
      value: -0
      objectReference: {fileID: 0}
    - target: {fileID: 8759587662157568673, guid: 38545a2800f283c4385a3b06ca2cae2a, type: 3}
      propertyPath: m_LocalEulerAnglesHint.x
      value: 0
      objectReference: {fileID: 0}
    - target: {fileID: 8759587662157568673, guid: 38545a2800f283c4385a3b06ca2cae2a, type: 3}
      propertyPath: m_LocalEulerAnglesHint.y
      value: 0
      objectReference: {fileID: 0}
    - target: {fileID: 8759587662157568673, guid: 38545a2800f283c4385a3b06ca2cae2a, type: 3}
      propertyPath: m_LocalEulerAnglesHint.z
      value: 0
      objectReference: {fileID: 0}
    m_RemovedComponents: []
  m_SourcePrefab: {fileID: 100100000, guid: 38545a2800f283c4385a3b06ca2cae2a, type: 3}
--- !u!4 &2327972752107004382 stripped
Transform:
  m_CorrespondingSourceObject: {fileID: 8759587662157568673, guid: 38545a2800f283c4385a3b06ca2cae2a, type: 3}
  m_PrefabInstance: {fileID: 6475842509999946623}
  m_PrefabAsset: {fileID: 0}
--- !u!1001 &6611157026177820681
PrefabInstance:
  m_ObjectHideFlags: 0
  serializedVersion: 2
  m_Modification:
    m_TransformParent: {fileID: 7350125638883467983}
    m_Modifications:
    - target: {fileID: 1418331340250903005, guid: 55e8abe686ae4094c8fd7e1249f6440e, type: 3}
      propertyPath: m_RootOrder
      value: 11
      objectReference: {fileID: 0}
    - target: {fileID: 1418331340250903005, guid: 55e8abe686ae4094c8fd7e1249f6440e, type: 3}
      propertyPath: m_LocalPosition.x
      value: -1.98
      objectReference: {fileID: 0}
    - target: {fileID: 1418331340250903005, guid: 55e8abe686ae4094c8fd7e1249f6440e, type: 3}
      propertyPath: m_LocalPosition.y
      value: 0.0070170164
      objectReference: {fileID: 0}
    - target: {fileID: 1418331340250903005, guid: 55e8abe686ae4094c8fd7e1249f6440e, type: 3}
      propertyPath: m_LocalPosition.z
      value: -10.71
      objectReference: {fileID: 0}
    - target: {fileID: 1418331340250903005, guid: 55e8abe686ae4094c8fd7e1249f6440e, type: 3}
      propertyPath: m_LocalRotation.w
      value: 1
      objectReference: {fileID: 0}
    - target: {fileID: 1418331340250903005, guid: 55e8abe686ae4094c8fd7e1249f6440e, type: 3}
      propertyPath: m_LocalRotation.x
      value: -0
      objectReference: {fileID: 0}
    - target: {fileID: 1418331340250903005, guid: 55e8abe686ae4094c8fd7e1249f6440e, type: 3}
      propertyPath: m_LocalRotation.y
      value: -0
      objectReference: {fileID: 0}
    - target: {fileID: 1418331340250903005, guid: 55e8abe686ae4094c8fd7e1249f6440e, type: 3}
      propertyPath: m_LocalRotation.z
      value: -0
      objectReference: {fileID: 0}
    - target: {fileID: 1418331340250903005, guid: 55e8abe686ae4094c8fd7e1249f6440e, type: 3}
      propertyPath: m_LocalEulerAnglesHint.x
      value: 0
      objectReference: {fileID: 0}
    - target: {fileID: 1418331340250903005, guid: 55e8abe686ae4094c8fd7e1249f6440e, type: 3}
      propertyPath: m_LocalEulerAnglesHint.y
      value: 0
      objectReference: {fileID: 0}
    - target: {fileID: 1418331340250903005, guid: 55e8abe686ae4094c8fd7e1249f6440e, type: 3}
      propertyPath: m_LocalEulerAnglesHint.z
      value: 0
      objectReference: {fileID: 0}
    - target: {fileID: 4436519250021169926, guid: 55e8abe686ae4094c8fd7e1249f6440e, type: 3}
      propertyPath: m_Name
      value: Bar_darts_2
      objectReference: {fileID: 0}
    m_RemovedComponents: []
  m_SourcePrefab: {fileID: 100100000, guid: 55e8abe686ae4094c8fd7e1249f6440e, type: 3}
--- !u!4 &5193038083210959316 stripped
Transform:
  m_CorrespondingSourceObject: {fileID: 1418331340250903005, guid: 55e8abe686ae4094c8fd7e1249f6440e, type: 3}
  m_PrefabInstance: {fileID: 6611157026177820681}
  m_PrefabAsset: {fileID: 0}
--- !u!1001 &6707512248724589030
PrefabInstance:
  m_ObjectHideFlags: 0
  serializedVersion: 2
  m_Modification:
    m_TransformParent: {fileID: 7350125638883467983}
    m_Modifications:
    - target: {fileID: 5294205528811776947, guid: 240d2934d0e49b941b37f7c1307f0bf8, type: 3}
      propertyPath: m_Name
      value: Bar_darts_1
      objectReference: {fileID: 0}
    - target: {fileID: 5590302943871288279, guid: 240d2934d0e49b941b37f7c1307f0bf8, type: 3}
      propertyPath: m_RootOrder
      value: 10
      objectReference: {fileID: 0}
    - target: {fileID: 5590302943871288279, guid: 240d2934d0e49b941b37f7c1307f0bf8, type: 3}
      propertyPath: m_LocalPosition.x
      value: -3.33
      objectReference: {fileID: 0}
    - target: {fileID: 5590302943871288279, guid: 240d2934d0e49b941b37f7c1307f0bf8, type: 3}
      propertyPath: m_LocalPosition.y
      value: 0.0070170164
      objectReference: {fileID: 0}
    - target: {fileID: 5590302943871288279, guid: 240d2934d0e49b941b37f7c1307f0bf8, type: 3}
      propertyPath: m_LocalPosition.z
      value: -10.65
      objectReference: {fileID: 0}
    - target: {fileID: 5590302943871288279, guid: 240d2934d0e49b941b37f7c1307f0bf8, type: 3}
      propertyPath: m_LocalRotation.w
      value: 1
      objectReference: {fileID: 0}
    - target: {fileID: 5590302943871288279, guid: 240d2934d0e49b941b37f7c1307f0bf8, type: 3}
      propertyPath: m_LocalRotation.x
      value: -0
      objectReference: {fileID: 0}
    - target: {fileID: 5590302943871288279, guid: 240d2934d0e49b941b37f7c1307f0bf8, type: 3}
      propertyPath: m_LocalRotation.y
      value: -0
      objectReference: {fileID: 0}
    - target: {fileID: 5590302943871288279, guid: 240d2934d0e49b941b37f7c1307f0bf8, type: 3}
      propertyPath: m_LocalRotation.z
      value: -0
      objectReference: {fileID: 0}
    - target: {fileID: 5590302943871288279, guid: 240d2934d0e49b941b37f7c1307f0bf8, type: 3}
      propertyPath: m_LocalEulerAnglesHint.x
      value: 0
      objectReference: {fileID: 0}
    - target: {fileID: 5590302943871288279, guid: 240d2934d0e49b941b37f7c1307f0bf8, type: 3}
      propertyPath: m_LocalEulerAnglesHint.y
      value: 0
      objectReference: {fileID: 0}
    - target: {fileID: 5590302943871288279, guid: 240d2934d0e49b941b37f7c1307f0bf8, type: 3}
      propertyPath: m_LocalEulerAnglesHint.z
      value: 0
      objectReference: {fileID: 0}
    m_RemovedComponents: []
  m_SourcePrefab: {fileID: 100100000, guid: 240d2934d0e49b941b37f7c1307f0bf8, type: 3}
--- !u!4 &1189337546808314417 stripped
Transform:
  m_CorrespondingSourceObject: {fileID: 5590302943871288279, guid: 240d2934d0e49b941b37f7c1307f0bf8, type: 3}
  m_PrefabInstance: {fileID: 6707512248724589030}
  m_PrefabAsset: {fileID: 0}
--- !u!1001 &6777296713804014184
PrefabInstance:
  m_ObjectHideFlags: 0
  serializedVersion: 2
  m_Modification:
    m_TransformParent: {fileID: 7350125638883467983}
    m_Modifications:
    - target: {fileID: 4038936286510392409, guid: b6410f0ba25010049892b6f782302919, type: 3}
      propertyPath: m_Name
      value: Bar_billiard_1
      objectReference: {fileID: 0}
    - target: {fileID: 4038936286510392414, guid: b6410f0ba25010049892b6f782302919, type: 3}
      propertyPath: m_RootOrder
      value: 8
      objectReference: {fileID: 0}
    - target: {fileID: 4038936286510392414, guid: b6410f0ba25010049892b6f782302919, type: 3}
      propertyPath: m_LocalPosition.x
      value: -3.33
      objectReference: {fileID: 0}
    - target: {fileID: 4038936286510392414, guid: b6410f0ba25010049892b6f782302919, type: 3}
      propertyPath: m_LocalPosition.y
      value: 0.0070170164
      objectReference: {fileID: 0}
    - target: {fileID: 4038936286510392414, guid: b6410f0ba25010049892b6f782302919, type: 3}
      propertyPath: m_LocalPosition.z
      value: 9.82
      objectReference: {fileID: 0}
    - target: {fileID: 4038936286510392414, guid: b6410f0ba25010049892b6f782302919, type: 3}
      propertyPath: m_LocalRotation.w
      value: 1
      objectReference: {fileID: 0}
    - target: {fileID: 4038936286510392414, guid: b6410f0ba25010049892b6f782302919, type: 3}
      propertyPath: m_LocalRotation.x
      value: -0
      objectReference: {fileID: 0}
    - target: {fileID: 4038936286510392414, guid: b6410f0ba25010049892b6f782302919, type: 3}
      propertyPath: m_LocalRotation.y
      value: -0
      objectReference: {fileID: 0}
    - target: {fileID: 4038936286510392414, guid: b6410f0ba25010049892b6f782302919, type: 3}
      propertyPath: m_LocalRotation.z
      value: -0
      objectReference: {fileID: 0}
    - target: {fileID: 4038936286510392414, guid: b6410f0ba25010049892b6f782302919, type: 3}
      propertyPath: m_LocalEulerAnglesHint.x
      value: 0
      objectReference: {fileID: 0}
    - target: {fileID: 4038936286510392414, guid: b6410f0ba25010049892b6f782302919, type: 3}
      propertyPath: m_LocalEulerAnglesHint.y
      value: 0
      objectReference: {fileID: 0}
    - target: {fileID: 4038936286510392414, guid: b6410f0ba25010049892b6f782302919, type: 3}
      propertyPath: m_LocalEulerAnglesHint.z
      value: 0
      objectReference: {fileID: 0}
    m_RemovedComponents: []
  m_SourcePrefab: {fileID: 100100000, guid: b6410f0ba25010049892b6f782302919, type: 3}
--- !u!4 &7350125638484149814 stripped
Transform:
  m_CorrespondingSourceObject: {fileID: 4038936286510392414, guid: b6410f0ba25010049892b6f782302919, type: 3}
  m_PrefabInstance: {fileID: 6777296713804014184}
  m_PrefabAsset: {fileID: 0}
--- !u!1001 &6979917729427423768
PrefabInstance:
  m_ObjectHideFlags: 0
  serializedVersion: 2
  m_Modification:
    m_TransformParent: {fileID: 7350125638883467983}
    m_Modifications:
    - target: {fileID: 871105154674721772, guid: 2d21e81b7695b5b42aebc4f2a8b6159c, type: 3}
      propertyPath: m_RootOrder
      value: 7
      objectReference: {fileID: 0}
    - target: {fileID: 871105154674721772, guid: 2d21e81b7695b5b42aebc4f2a8b6159c, type: 3}
      propertyPath: m_LocalPosition.x
      value: 0.16
      objectReference: {fileID: 0}
    - target: {fileID: 871105154674721772, guid: 2d21e81b7695b5b42aebc4f2a8b6159c, type: 3}
      propertyPath: m_LocalPosition.y
      value: 0.0070170164
      objectReference: {fileID: 0}
    - target: {fileID: 871105154674721772, guid: 2d21e81b7695b5b42aebc4f2a8b6159c, type: 3}
      propertyPath: m_LocalPosition.z
      value: -1.13
      objectReference: {fileID: 0}
    - target: {fileID: 871105154674721772, guid: 2d21e81b7695b5b42aebc4f2a8b6159c, type: 3}
      propertyPath: m_LocalRotation.w
      value: 1
      objectReference: {fileID: 0}
    - target: {fileID: 871105154674721772, guid: 2d21e81b7695b5b42aebc4f2a8b6159c, type: 3}
      propertyPath: m_LocalRotation.x
      value: -0
      objectReference: {fileID: 0}
    - target: {fileID: 871105154674721772, guid: 2d21e81b7695b5b42aebc4f2a8b6159c, type: 3}
      propertyPath: m_LocalRotation.y
      value: -0
      objectReference: {fileID: 0}
    - target: {fileID: 871105154674721772, guid: 2d21e81b7695b5b42aebc4f2a8b6159c, type: 3}
      propertyPath: m_LocalRotation.z
      value: -0
      objectReference: {fileID: 0}
    - target: {fileID: 871105154674721772, guid: 2d21e81b7695b5b42aebc4f2a8b6159c, type: 3}
      propertyPath: m_LocalEulerAnglesHint.x
      value: 0
      objectReference: {fileID: 0}
    - target: {fileID: 871105154674721772, guid: 2d21e81b7695b5b42aebc4f2a8b6159c, type: 3}
      propertyPath: m_LocalEulerAnglesHint.y
      value: 0
      objectReference: {fileID: 0}
    - target: {fileID: 871105154674721772, guid: 2d21e81b7695b5b42aebc4f2a8b6159c, type: 3}
      propertyPath: m_LocalEulerAnglesHint.z
      value: 0
      objectReference: {fileID: 0}
    - target: {fileID: 5118949587878374131, guid: 2d21e81b7695b5b42aebc4f2a8b6159c, type: 3}
      propertyPath: m_Name
      value: Bar_chair8
      objectReference: {fileID: 0}
    - target: {fileID: 5528962367891501601, guid: 2d21e81b7695b5b42aebc4f2a8b6159c, type: 3}
      propertyPath: requirementType
      value: Eat
      objectReference: {fileID: 0}
    m_RemovedComponents: []
  m_SourcePrefab: {fileID: 100100000, guid: 2d21e81b7695b5b42aebc4f2a8b6159c, type: 3}
--- !u!4 &7839482396555543028 stripped
Transform:
  m_CorrespondingSourceObject: {fileID: 871105154674721772, guid: 2d21e81b7695b5b42aebc4f2a8b6159c, type: 3}
  m_PrefabInstance: {fileID: 6979917729427423768}
  m_PrefabAsset: {fileID: 0}
--- !u!1001 &7356444994196082379
PrefabInstance:
  m_ObjectHideFlags: 0
  serializedVersion: 2
  m_Modification:
    m_TransformParent: {fileID: 7350125638883467983}
    m_Modifications:
    - target: {fileID: 6928294231652195441, guid: d688d6dc6544a5c4588f00473506a31f, type: 3}
      propertyPath: m_Name
      value: Bar_billiard_2
      objectReference: {fileID: 0}
    - target: {fileID: 7693258334492069856, guid: d688d6dc6544a5c4588f00473506a31f, type: 3}
      propertyPath: m_RootOrder
      value: 9
      objectReference: {fileID: 0}
    - target: {fileID: 7693258334492069856, guid: d688d6dc6544a5c4588f00473506a31f, type: 3}
      propertyPath: m_LocalPosition.x
      value: -1.69
      objectReference: {fileID: 0}
    - target: {fileID: 7693258334492069856, guid: d688d6dc6544a5c4588f00473506a31f, type: 3}
      propertyPath: m_LocalPosition.y
      value: 0.0070170164
      objectReference: {fileID: 0}
    - target: {fileID: 7693258334492069856, guid: d688d6dc6544a5c4588f00473506a31f, type: 3}
      propertyPath: m_LocalPosition.z
      value: 9.82
      objectReference: {fileID: 0}
    - target: {fileID: 7693258334492069856, guid: d688d6dc6544a5c4588f00473506a31f, type: 3}
      propertyPath: m_LocalRotation.w
      value: 1
      objectReference: {fileID: 0}
    - target: {fileID: 7693258334492069856, guid: d688d6dc6544a5c4588f00473506a31f, type: 3}
      propertyPath: m_LocalRotation.x
      value: -0
      objectReference: {fileID: 0}
    - target: {fileID: 7693258334492069856, guid: d688d6dc6544a5c4588f00473506a31f, type: 3}
      propertyPath: m_LocalRotation.y
      value: -0
      objectReference: {fileID: 0}
    - target: {fileID: 7693258334492069856, guid: d688d6dc6544a5c4588f00473506a31f, type: 3}
      propertyPath: m_LocalRotation.z
      value: -0
      objectReference: {fileID: 0}
    - target: {fileID: 7693258334492069856, guid: d688d6dc6544a5c4588f00473506a31f, type: 3}
      propertyPath: m_LocalEulerAnglesHint.x
      value: 0
      objectReference: {fileID: 0}
    - target: {fileID: 7693258334492069856, guid: d688d6dc6544a5c4588f00473506a31f, type: 3}
      propertyPath: m_LocalEulerAnglesHint.y
      value: 0
      objectReference: {fileID: 0}
    - target: {fileID: 7693258334492069856, guid: d688d6dc6544a5c4588f00473506a31f, type: 3}
      propertyPath: m_LocalEulerAnglesHint.z
      value: 0
      objectReference: {fileID: 0}
    m_RemovedComponents: []
  m_SourcePrefab: {fileID: 100100000, guid: d688d6dc6544a5c4588f00473506a31f, type: 3}
--- !u!4 &924546406074843435 stripped
Transform:
  m_CorrespondingSourceObject: {fileID: 7693258334492069856, guid: d688d6dc6544a5c4588f00473506a31f, type: 3}
  m_PrefabInstance: {fileID: 7356444994196082379}
  m_PrefabAsset: {fileID: 0}
--- !u!1001 &7570289109525106138
PrefabInstance:
  m_ObjectHideFlags: 0
  serializedVersion: 2
  m_Modification:
    m_TransformParent: {fileID: 7350125638883467983}
    m_Modifications:
    - target: {fileID: 1225709855864300247, guid: 56cfc2f8001aac947b413f852fe485fd, type: 3}
      propertyPath: m_RootOrder
      value: 13
      objectReference: {fileID: 0}
    - target: {fileID: 1225709855864300247, guid: 56cfc2f8001aac947b413f852fe485fd, type: 3}
      propertyPath: m_LocalPosition.x
      value: -0.06
      objectReference: {fileID: 0}
    - target: {fileID: 1225709855864300247, guid: 56cfc2f8001aac947b413f852fe485fd, type: 3}
      propertyPath: m_LocalPosition.y
      value: 0.0070170164
      objectReference: {fileID: 0}
    - target: {fileID: 1225709855864300247, guid: 56cfc2f8001aac947b413f852fe485fd, type: 3}
      propertyPath: m_LocalPosition.z
      value: -10.71
      objectReference: {fileID: 0}
    - target: {fileID: 1225709855864300247, guid: 56cfc2f8001aac947b413f852fe485fd, type: 3}
      propertyPath: m_LocalRotation.w
      value: 1
      objectReference: {fileID: 0}
    - target: {fileID: 1225709855864300247, guid: 56cfc2f8001aac947b413f852fe485fd, type: 3}
      propertyPath: m_LocalRotation.x
      value: -0
      objectReference: {fileID: 0}
    - target: {fileID: 1225709855864300247, guid: 56cfc2f8001aac947b413f852fe485fd, type: 3}
      propertyPath: m_LocalRotation.y
      value: -0
      objectReference: {fileID: 0}
    - target: {fileID: 1225709855864300247, guid: 56cfc2f8001aac947b413f852fe485fd, type: 3}
      propertyPath: m_LocalRotation.z
      value: -0
      objectReference: {fileID: 0}
    - target: {fileID: 1225709855864300247, guid: 56cfc2f8001aac947b413f852fe485fd, type: 3}
      propertyPath: m_LocalEulerAnglesHint.x
      value: 0
      objectReference: {fileID: 0}
    - target: {fileID: 1225709855864300247, guid: 56cfc2f8001aac947b413f852fe485fd, type: 3}
      propertyPath: m_LocalEulerAnglesHint.y
      value: 0
      objectReference: {fileID: 0}
    - target: {fileID: 1225709855864300247, guid: 56cfc2f8001aac947b413f852fe485fd, type: 3}
      propertyPath: m_LocalEulerAnglesHint.z
      value: 0
      objectReference: {fileID: 0}
    - target: {fileID: 6936017832007818170, guid: 56cfc2f8001aac947b413f852fe485fd, type: 3}
      propertyPath: m_Name
      value: Bar_darts_4
      objectReference: {fileID: 0}
    m_RemovedComponents: []
  m_SourcePrefab: {fileID: 100100000, guid: 56cfc2f8001aac947b413f852fe485fd, type: 3}
--- !u!4 &8650721404401757965 stripped
Transform:
  m_CorrespondingSourceObject: {fileID: 1225709855864300247, guid: 56cfc2f8001aac947b413f852fe485fd, type: 3}
  m_PrefabInstance: {fileID: 7570289109525106138}
  m_PrefabAsset: {fileID: 0}
--- !u!1001 &7573499473381122510
PrefabInstance:
  m_ObjectHideFlags: 0
  serializedVersion: 2
  m_Modification:
    m_TransformParent: {fileID: 7350125638883467983}
    m_Modifications:
    - target: {fileID: 1088355939997740009, guid: a90fad638d11b874a8bc6c436b0cb957, type: 3}
      propertyPath: m_Name
      value: Bar_dancefloor
      objectReference: {fileID: 0}
    - target: {fileID: 1088355939997740010, guid: a90fad638d11b874a8bc6c436b0cb957, type: 3}
      propertyPath: m_RootOrder
      value: 14
      objectReference: {fileID: 0}
    - target: {fileID: 1088355939997740010, guid: a90fad638d11b874a8bc6c436b0cb957, type: 3}
      propertyPath: m_LocalPosition.x
      value: -4.43
      objectReference: {fileID: 0}
    - target: {fileID: 1088355939997740010, guid: a90fad638d11b874a8bc6c436b0cb957, type: 3}
      propertyPath: m_LocalPosition.y
      value: 0.0070170164
      objectReference: {fileID: 0}
    - target: {fileID: 1088355939997740010, guid: a90fad638d11b874a8bc6c436b0cb957, type: 3}
      propertyPath: m_LocalPosition.z
      value: 0.07
      objectReference: {fileID: 0}
    - target: {fileID: 1088355939997740010, guid: a90fad638d11b874a8bc6c436b0cb957, type: 3}
      propertyPath: m_LocalRotation.w
      value: 1
      objectReference: {fileID: 0}
    - target: {fileID: 1088355939997740010, guid: a90fad638d11b874a8bc6c436b0cb957, type: 3}
      propertyPath: m_LocalRotation.x
      value: -0
      objectReference: {fileID: 0}
    - target: {fileID: 1088355939997740010, guid: a90fad638d11b874a8bc6c436b0cb957, type: 3}
      propertyPath: m_LocalRotation.y
      value: -0
      objectReference: {fileID: 0}
    - target: {fileID: 1088355939997740010, guid: a90fad638d11b874a8bc6c436b0cb957, type: 3}
      propertyPath: m_LocalRotation.z
      value: -0
      objectReference: {fileID: 0}
    - target: {fileID: 1088355939997740010, guid: a90fad638d11b874a8bc6c436b0cb957, type: 3}
      propertyPath: m_LocalEulerAnglesHint.x
      value: 0
      objectReference: {fileID: 0}
    - target: {fileID: 1088355939997740010, guid: a90fad638d11b874a8bc6c436b0cb957, type: 3}
      propertyPath: m_LocalEulerAnglesHint.y
      value: 0
      objectReference: {fileID: 0}
    - target: {fileID: 1088355939997740010, guid: a90fad638d11b874a8bc6c436b0cb957, type: 3}
      propertyPath: m_LocalEulerAnglesHint.z
      value: 0
      objectReference: {fileID: 0}
    m_RemovedComponents: []
  m_SourcePrefab: {fileID: 100100000, guid: a90fad638d11b874a8bc6c436b0cb957, type: 3}
--- !u!4 &7350125637299669540 stripped
Transform:
  m_CorrespondingSourceObject: {fileID: 1088355939997740010, guid: a90fad638d11b874a8bc6c436b0cb957, type: 3}
  m_PrefabInstance: {fileID: 7573499473381122510}
  m_PrefabAsset: {fileID: 0}
