%YAML 1.1
%TAG !u! tag:unity3d.com,2011:
--- !u!1 &1830164666
GameObject:
  m_ObjectHideFlags: 0
  m_CorrespondingSourceObject: {fileID: 0}
  m_PrefabInstance: {fileID: 0}
  m_PrefabAsset: {fileID: 0}
  serializedVersion: 6
  m_Component:
  - component: {fileID: 1830164667}
  - component: {fileID: 1830164668}
  m_Layer: 5
  m_Name: ReceptionCameraTarget
  m_TagString: Untagged
  m_Icon: {fileID: 0}
  m_NavMeshLayer: 0
  m_StaticEditorFlags: 0
  m_IsActive: 1
--- !u!4 &1830164667
Transform:
  m_ObjectHideFlags: 0
  m_CorrespondingSourceObject: {fileID: 0}
  m_PrefabInstance: {fileID: 0}
  m_PrefabAsset: {fileID: 0}
  m_GameObject: {fileID: 1830164666}
  m_LocalRotation: {x: -0, y: -0, z: -0, w: 1}
  m_LocalPosition: {x: 168.3, y: 58.3, z: -0.153}
  m_LocalScale: {x: 1, y: 1, z: 1}
  m_ConstrainProportionsScale: 0
  m_Children: []
  m_Father: {fileID: 1995568158}
  m_RootOrder: 0
  m_LocalEulerAnglesHint: {x: 0, y: 0, z: 0}
--- !u!114 &1830164668
MonoBehaviour:
  m_ObjectHideFlags: 0
  m_CorrespondingSourceObject: {fileID: 0}
  m_PrefabInstance: {fileID: 0}
  m_PrefabAsset: {fileID: 0}
  m_GameObject: {fileID: 1830164666}
  m_Enabled: 1
  m_EditorHideFlags: 0
  m_Script: {fileID: 11500000, guid: 023ff7a1f86a4a144a0d7676da711ef1, type: 3}
  m_Name: 
  m_EditorClassIdentifier: 
  cameraOrtoSize: 12
--- !u!1 &1995568157
GameObject:
  m_ObjectHideFlags: 0
  m_CorrespondingSourceObject: {fileID: 0}
  m_PrefabInstance: {fileID: 0}
  m_PrefabAsset: {fileID: 0}
  serializedVersion: 6
  m_Component:
  - component: {fileID: 1995568158}
  - component: {fileID: 1995568162}
  - component: {fileID: 1995568160}
  - component: {fileID: 1995568159}
  m_Layer: 5
  m_Name: ReceptionArea
  m_TagString: Untagged
  m_Icon: {fileID: 0}
  m_NavMeshLayer: 0
  m_StaticEditorFlags: 0
  m_IsActive: 1
--- !u!224 &1995568158
RectTransform:
  m_ObjectHideFlags: 0
  m_CorrespondingSourceObject: {fileID: 0}
  m_PrefabInstance: {fileID: 0}
  m_PrefabAsset: {fileID: 0}
  m_GameObject: {fileID: 1995568157}
  m_LocalRotation: {x: 0, y: 0, z: 0, w: 1}
  m_LocalPosition: {x: 0, y: 0, z: 3.87}
  m_LocalScale: {x: 0.13268106, y: 0.04047507, z: 16.33709}
  m_ConstrainProportionsScale: 0
  m_Children:
  - {fileID: 1830164667}
  m_Father: {fileID: 3580412457864582898}
  m_RootOrder: 12
  m_LocalEulerAnglesHint: {x: 0, y: 0, z: 0}
  m_AnchorMin: {x: 0.5, y: 0.5}
  m_AnchorMax: {x: 0.5, y: 0.5}
  m_AnchoredPosition: {x: 28.4, y: 0}
  m_SizeDelta: {x: 100, y: 100}
  m_Pivot: {x: 0.5, y: 0.5}
--- !u!222 &1995568162
CanvasRenderer:
  m_ObjectHideFlags: 0
  m_CorrespondingSourceObject: {fileID: 0}
  m_PrefabInstance: {fileID: 0}
  m_PrefabAsset: {fileID: 0}
  m_GameObject: {fileID: 1995568157}
  m_CullTransparentMesh: 1
--- !u!114 &1995568160
MonoBehaviour:
  m_ObjectHideFlags: 0
  m_CorrespondingSourceObject: {fileID: 0}
  m_PrefabInstance: {fileID: 0}
  m_PrefabAsset: {fileID: 0}
  m_GameObject: {fileID: 1995568157}
  m_Enabled: 1
  m_EditorHideFlags: 0
  m_Script: {fileID: 11500000, guid: a98bc6e124bb42b2b1a4c5a16f9cbbd7, type: 3}
  m_Name: 
  m_EditorClassIdentifier: 
  _serviceMenu: {fileID: 0}
  _lookPosition: {fileID: 1830164667}
  _serviceManager: {fileID: 11400000, guid: c6f1c3f7d7aa3fc4fb1bf2d336e86278, type: 2}
--- !u!65 &1995568159
BoxCollider:
  m_ObjectHideFlags: 0
  m_CorrespondingSourceObject: {fileID: 0}
  m_PrefabInstance: {fileID: 0}
  m_PrefabAsset: {fileID: 0}
  m_GameObject: {fileID: 1995568157}
  m_Material: {fileID: 0}
  m_IsTrigger: 0
  m_Enabled: 1
  serializedVersion: 2
  m_Size: {x: 91.92, y: 1, z: 0.5}
  m_Center: {x: 165.39066, y: 0, z: -0.124096856}
--- !u!1 &3580412457452516349
GameObject:
  m_ObjectHideFlags: 0
  m_CorrespondingSourceObject: {fileID: 0}
  m_PrefabInstance: {fileID: 0}
  m_PrefabAsset: {fileID: 0}
  serializedVersion: 6
  m_Component:
  - component: {fileID: 3580412457452516348}
  - component: {fileID: 3580412457452516345}
  - component: {fileID: 3580412457452516344}
  m_Layer: 5
  m_Name: PlumbersArea
  m_TagString: Untagged
  m_Icon: {fileID: 0}
  m_NavMeshLayer: 0
  m_StaticEditorFlags: 0
  m_IsActive: 1
--- !u!224 &3580412457452516348
RectTransform:
  m_ObjectHideFlags: 0
  m_CorrespondingSourceObject: {fileID: 0}
  m_PrefabInstance: {fileID: 0}
  m_PrefabAsset: {fileID: 0}
  m_GameObject: {fileID: 3580412457452516349}
  m_LocalRotation: {x: 0, y: 0, z: 0, w: 1}
  m_LocalPosition: {x: 0, y: 0, z: -10.52}
  m_LocalScale: {x: 0.105922386, y: 0.030709473, z: 0.21175621}
  m_ConstrainProportionsScale: 0
  m_Children:
  - {fileID: 3580412458758428565}
  - {fileID: 3580412458284837854}
  m_Father: {fileID: 3580412457864582898}
  m_RootOrder: 0
  m_LocalEulerAnglesHint: {x: 0, y: 0, z: 0}
  m_AnchorMin: {x: 0.5, y: 0.5}
  m_AnchorMax: {x: 0.5, y: 0.5}
  m_AnchoredPosition: {x: 54.04, y: 1.58}
  m_SizeDelta: {x: 100, y: 100}
  m_Pivot: {x: 0.5, y: 0.5}
--- !u!114 &3580412457452516345
MonoBehaviour:
  m_ObjectHideFlags: 0
  m_CorrespondingSourceObject: {fileID: 0}
  m_PrefabInstance: {fileID: 0}
  m_PrefabAsset: {fileID: 0}
  m_GameObject: {fileID: 3580412457452516349}
  m_Enabled: 1
  m_EditorHideFlags: 0
  m_Script: {fileID: 11500000, guid: a98bc6e124bb42b2b1a4c5a16f9cbbd7, type: 3}
  m_Name: 
  m_EditorClassIdentifier: 
  _serviceMenu: {fileID: 0}
  _lookPosition: {fileID: 3580412458758428565}
  _serviceManager: {fileID: 11400000, guid: 85cf39e39f7a1d245a700f2919700cd4, type: 2}
--- !u!65 &3580412457452516344
BoxCollider:
  m_ObjectHideFlags: 0
  m_CorrespondingSourceObject: {fileID: 0}
  m_PrefabInstance: {fileID: 0}
  m_PrefabAsset: {fileID: 0}
  m_GameObject: {fileID: 3580412457452516349}
  m_Material: {fileID: 0}
  m_IsTrigger: 0
  m_Enabled: 1
  serializedVersion: 2
  m_Size: {x: 93.1, y: 50, z: 64.4}
  m_Center: {x: -1.4, y: 44.9, z: -25.4}
--- !u!1 &3580412457568857124
GameObject:
  m_ObjectHideFlags: 0
  m_CorrespondingSourceObject: {fileID: 0}
  m_PrefabInstance: {fileID: 0}
  m_PrefabAsset: {fileID: 0}
  serializedVersion: 6
  m_Component:
  - component: {fileID: 3580412457568857127}
  - component: {fileID: 3580412457568857120}
  - component: {fileID: 3580412457568857126}
  - component: {fileID: 3580412457568857123}
  m_Layer: 5
  m_Name: PoolArea
  m_TagString: Untagged
  m_Icon: {fileID: 0}
  m_NavMeshLayer: 0
  m_StaticEditorFlags: 0
  m_IsActive: 1
--- !u!224 &3580412457568857127
RectTransform:
  m_ObjectHideFlags: 0
  m_CorrespondingSourceObject: {fileID: 0}
  m_PrefabInstance: {fileID: 0}
  m_PrefabAsset: {fileID: 0}
  m_GameObject: {fileID: 3580412457568857124}
  m_LocalRotation: {x: 0, y: 0, z: 0, w: 1}
  m_LocalPosition: {x: 0, y: 0, z: 3.14}
  m_LocalScale: {x: 0.24153528, y: 0.03699139, z: 0.5549326}
  m_ConstrainProportionsScale: 0
  m_Children:
  - {fileID: 3580412458372754032}
  m_Father: {fileID: 3580412457864582898}
  m_RootOrder: 4
  m_LocalEulerAnglesHint: {x: 0, y: 0, z: 0}
  m_AnchorMin: {x: 0.5, y: 0.5}
  m_AnchorMax: {x: 0.5, y: 0.5}
  m_AnchoredPosition: {x: 10.815, y: 1.78}
  m_SizeDelta: {x: 100, y: 100}
  m_Pivot: {x: 0.5, y: 0.5}
--- !u!222 &3580412457568857120
CanvasRenderer:
  m_ObjectHideFlags: 0
  m_CorrespondingSourceObject: {fileID: 0}
  m_PrefabInstance: {fileID: 0}
  m_PrefabAsset: {fileID: 0}
  m_GameObject: {fileID: 3580412457568857124}
  m_CullTransparentMesh: 1
--- !u!114 &3580412457568857126
MonoBehaviour:
  m_ObjectHideFlags: 0
  m_CorrespondingSourceObject: {fileID: 0}
  m_PrefabInstance: {fileID: 0}
  m_PrefabAsset: {fileID: 0}
  m_GameObject: {fileID: 3580412457568857124}
  m_Enabled: 1
  m_EditorHideFlags: 0
  m_Script: {fileID: 11500000, guid: a98bc6e124bb42b2b1a4c5a16f9cbbd7, type: 3}
  m_Name: 
  m_EditorClassIdentifier: 
  _serviceMenu: {fileID: 0}
  _lookPosition: {fileID: 3580412458372754032}
  _serviceManager: {fileID: 11400000, guid: 9e81eaf771977d74abbd43d679692b80, type: 2}
--- !u!65 &3580412457568857123
BoxCollider:
  m_ObjectHideFlags: 0
  m_CorrespondingSourceObject: {fileID: 0}
  m_PrefabInstance: {fileID: 0}
  m_PrefabAsset: {fileID: 0}
  m_GameObject: {fileID: 3580412457568857124}
  m_Material: {fileID: 0}
  m_IsTrigger: 0
  m_Enabled: 1
  serializedVersion: 2
  m_Size: {x: 72.36, y: 90, z: 24.1}
  m_Center: {x: -14.88, y: 8.76, z: -2.3}
--- !u!1 &3580412457663101770
GameObject:
  m_ObjectHideFlags: 0
  m_CorrespondingSourceObject: {fileID: 0}
  m_PrefabInstance: {fileID: 0}
  m_PrefabAsset: {fileID: 0}
  serializedVersion: 6
  m_Component:
  - component: {fileID: 3580412457663101765}
  - component: {fileID: 3580412457663101766}
  - component: {fileID: 3580412457663101764}
  - component: {fileID: 3580412457663101761}
  m_Layer: 5
  m_Name: BarArea
  m_TagString: Untagged
  m_Icon: {fileID: 0}
  m_NavMeshLayer: 0
  m_StaticEditorFlags: 0
  m_IsActive: 1
--- !u!224 &3580412457663101765
RectTransform:
  m_ObjectHideFlags: 0
  m_CorrespondingSourceObject: {fileID: 0}
  m_PrefabInstance: {fileID: 0}
  m_PrefabAsset: {fileID: 0}
  m_GameObject: {fileID: 3580412457663101770}
  m_LocalRotation: {x: 0, y: 0, z: 0, w: 1}
  m_LocalPosition: {x: 0, y: 0, z: -5}
  m_LocalScale: {x: 0.24576238, y: 0.035394855, z: 1.6239715}
  m_ConstrainProportionsScale: 0
  m_Children:
  - {fileID: 3580412458889753527}
  m_Father: {fileID: 3580412457864582898}
  m_RootOrder: 1
  m_LocalEulerAnglesHint: {x: 0, y: 0, z: 0}
  m_AnchorMin: {x: 0.5, y: 0.5}
  m_AnchorMax: {x: 0.5, y: 0.5}
  m_AnchoredPosition: {x: 66.33, y: -1.2}
  m_SizeDelta: {x: 100, y: 100}
  m_Pivot: {x: 0.5, y: 0.5}
--- !u!222 &3580412457663101766
CanvasRenderer:
  m_ObjectHideFlags: 0
  m_CorrespondingSourceObject: {fileID: 0}
  m_PrefabInstance: {fileID: 0}
  m_PrefabAsset: {fileID: 0}
  m_GameObject: {fileID: 3580412457663101770}
  m_CullTransparentMesh: 1
--- !u!114 &3580412457663101764
MonoBehaviour:
  m_ObjectHideFlags: 0
  m_CorrespondingSourceObject: {fileID: 0}
  m_PrefabInstance: {fileID: 0}
  m_PrefabAsset: {fileID: 0}
  m_GameObject: {fileID: 3580412457663101770}
  m_Enabled: 1
  m_EditorHideFlags: 0
  m_Script: {fileID: 11500000, guid: a98bc6e124bb42b2b1a4c5a16f9cbbd7, type: 3}
  m_Name: 
  m_EditorClassIdentifier: 
  _serviceMenu: {fileID: 0}
  _lookPosition: {fileID: 3580412458889753527}
  _serviceManager: {fileID: 11400000, guid: bc8992c43d156444f938e8859ad6ab67, type: 2}
--- !u!65 &3580412457663101761
BoxCollider:
  m_ObjectHideFlags: 0
  m_CorrespondingSourceObject: {fileID: 0}
  m_PrefabInstance: {fileID: 0}
  m_PrefabAsset: {fileID: 0}
  m_GameObject: {fileID: 3580412457663101770}
  m_Material: {fileID: 0}
  m_IsTrigger: 0
  m_Enabled: 1
  serializedVersion: 2
  m_Size: {x: 80, y: 76.5, z: 14.5}
  m_Center: {x: 10.14, y: 97.15, z: -3.54}
--- !u!1 &3580412457722473760
GameObject:
  m_ObjectHideFlags: 0
  m_CorrespondingSourceObject: {fileID: 0}
  m_PrefabInstance: {fileID: 0}
  m_PrefabAsset: {fileID: 0}
  serializedVersion: 6
  m_Component:
  - component: {fileID: 3580412457722473763}
  - component: {fileID: 3580412457722473788}
  - component: {fileID: 3580412457722473762}
  - component: {fileID: 3580412457722473791}
  m_Layer: 5
  m_Name: Room4
  m_TagString: Untagged
  m_Icon: {fileID: 0}
  m_NavMeshLayer: 0
  m_StaticEditorFlags: 0
  m_IsActive: 1
--- !u!224 &3580412457722473763
RectTransform:
  m_ObjectHideFlags: 0
  m_CorrespondingSourceObject: {fileID: 0}
  m_PrefabInstance: {fileID: 0}
  m_PrefabAsset: {fileID: 0}
  m_GameObject: {fileID: 3580412457722473760}
  m_LocalRotation: {x: -0, y: -0, z: -0, w: 1}
  m_LocalPosition: {x: 0, y: 0, z: -16.16}
  m_LocalScale: {x: 0.13268106, y: 0.04047507, z: 16.33709}
  m_ConstrainProportionsScale: 0
  m_Children:
  - {fileID: 3580412458230587275}
  m_Father: {fileID: 3580412457864582898}
  m_RootOrder: 8
  m_LocalEulerAnglesHint: {x: 90, y: 0, z: -12.756}
  m_AnchorMin: {x: 0.5, y: 0.5}
  m_AnchorMax: {x: 0.5, y: 0.5}
  m_AnchoredPosition: {x: 17.52, y: 2.16}
  m_SizeDelta: {x: 100, y: 100}
  m_Pivot: {x: 0.5, y: 0.5}
--- !u!222 &3580412457722473788
CanvasRenderer:
  m_ObjectHideFlags: 0
  m_CorrespondingSourceObject: {fileID: 0}
  m_PrefabInstance: {fileID: 0}
  m_PrefabAsset: {fileID: 0}
  m_GameObject: {fileID: 3580412457722473760}
  m_CullTransparentMesh: 1
--- !u!114 &3580412457722473762
MonoBehaviour:
  m_ObjectHideFlags: 0
  m_CorrespondingSourceObject: {fileID: 0}
  m_PrefabInstance: {fileID: 0}
  m_PrefabAsset: {fileID: 0}
  m_GameObject: {fileID: 3580412457722473760}
  m_Enabled: 1
  m_EditorHideFlags: 0
  m_Script: {fileID: 11500000, guid: a98bc6e124bb42b2b1a4c5a16f9cbbd7, type: 3}
  m_Name: 
  m_EditorClassIdentifier: 
  _serviceMenu: {fileID: 0}
  _lookPosition: {fileID: 3580412458230587275}
  _serviceManager: {fileID: 11400000, guid: ae31a0b64816ef842b8c90f2cf4bcbcf, type: 2}
--- !u!65 &3580412457722473791
BoxCollider:
  m_ObjectHideFlags: 0
  m_CorrespondingSourceObject: {fileID: 0}
  m_PrefabInstance: {fileID: 0}
  m_PrefabAsset: {fileID: 0}
  m_GameObject: {fileID: 3580412457722473760}
  m_Material: {fileID: 0}
  m_IsTrigger: 0
  m_Enabled: 1
  serializedVersion: 2
  m_Size: {x: 90, y: 85, z: 0.8}
  m_Center: {x: 0, y: 0, z: 0}
--- !u!1 &3580412457859840979
GameObject:
  m_ObjectHideFlags: 0
  m_CorrespondingSourceObject: {fileID: 0}
  m_PrefabInstance: {fileID: 0}
  m_PrefabAsset: {fileID: 0}
  serializedVersion: 6
  m_Component:
  - component: {fileID: 3580412457859840978}
  - component: {fileID: 3580412457859841005}
  m_Layer: 5
  m_Name: Room3CameraTarget
  m_TagString: Untagged
  m_Icon: {fileID: 0}
  m_NavMeshLayer: 0
  m_StaticEditorFlags: 0
  m_IsActive: 1
--- !u!4 &3580412457859840978
Transform:
  m_ObjectHideFlags: 0
  m_CorrespondingSourceObject: {fileID: 0}
  m_PrefabInstance: {fileID: 0}
  m_PrefabAsset: {fileID: 0}
  m_GameObject: {fileID: 3580412457859840979}
  m_LocalRotation: {x: -0, y: -0.000000059604645, z: -0.0005632192, w: 0.9999999}
  m_LocalPosition: {x: -14.222995, y: 90.40001, z: 0.05}
  m_LocalScale: {x: 1, y: 1, z: 1}
  m_ConstrainProportionsScale: 0
  m_Children: []
  m_Father: {fileID: 3580412459048534182}
  m_RootOrder: 0
  m_LocalEulerAnglesHint: {x: 0, y: 0, z: 0}
--- !u!114 &3580412457859841005
MonoBehaviour:
  m_ObjectHideFlags: 0
  m_CorrespondingSourceObject: {fileID: 0}
  m_PrefabInstance: {fileID: 0}
  m_PrefabAsset: {fileID: 0}
  m_GameObject: {fileID: 3580412457859840979}
  m_Enabled: 1
  m_EditorHideFlags: 0
  m_Script: {fileID: 11500000, guid: 023ff7a1f86a4a144a0d7676da711ef1, type: 3}
  m_Name: 
  m_EditorClassIdentifier: 
  cameraOrtoSize: 12
--- !u!1 &3580412457864582902
GameObject:
  m_ObjectHideFlags: 0
  m_CorrespondingSourceObject: {fileID: 0}
  m_PrefabInstance: {fileID: 0}
  m_PrefabAsset: {fileID: 0}
  serializedVersion: 6
  m_Component:
  - component: {fileID: 3580412457864582898}
  - component: {fileID: 3580412457864582899}
  - component: {fileID: 3580412457864582896}
  - component: {fileID: 3580412457864582897}
  - component: {fileID: 3580412457864582669}
  m_Layer: 5
  m_Name: WorldCanvas
  m_TagString: Untagged
  m_Icon: {fileID: 0}
  m_NavMeshLayer: 0
  m_StaticEditorFlags: 0
  m_IsActive: 1
--- !u!224 &3580412457864582898
RectTransform:
  m_ObjectHideFlags: 0
  m_CorrespondingSourceObject: {fileID: 0}
  m_PrefabInstance: {fileID: 0}
  m_PrefabAsset: {fileID: 0}
  m_GameObject: {fileID: 3580412457864582902}
  m_LocalRotation: {x: 0, y: 0, z: 0, w: 1}
  m_LocalPosition: {x: 0, y: 0, z: 0}
  m_LocalScale: {x: 1, y: 1, z: 1}
  m_ConstrainProportionsScale: 0
  m_Children:
  - {fileID: 3580412457452516348}
  - {fileID: 3580412457663101765}
  - {fileID: 3580412458827230965}
  - {fileID: 3580412458776053044}
  - {fileID: 3580412457568857127}
  - {fileID: 3580412459367628395}
  - {fileID: 3580412458541913499}
  - {fileID: 3580412459048534182}
  - {fileID: 3580412457722473763}
  - {fileID: 3580412459450026526}
  - {fileID: 5934849583953129085}
  - {fileID: 1702058737333793124}
  - {fileID: 1995568158}
  - {fileID: 395325816}
  m_Father: {fileID: 0}
  m_RootOrder: 0
  m_LocalEulerAnglesHint: {x: 0, y: 0, z: 0}
  m_AnchorMin: {x: 0.5, y: 0.5}
  m_AnchorMax: {x: 0.5, y: 0.5}
  m_AnchoredPosition: {x: 0, y: 0}
  m_SizeDelta: {x: 100, y: 100}
  m_Pivot: {x: 0.5, y: 0.5}
--- !u!223 &3580412457864582899
Canvas:
  m_ObjectHideFlags: 0
  m_CorrespondingSourceObject: {fileID: 0}
  m_PrefabInstance: {fileID: 0}
  m_PrefabAsset: {fileID: 0}
  m_GameObject: {fileID: 3580412457864582902}
  m_Enabled: 1
  serializedVersion: 3
  m_RenderMode: 2
  m_Camera: {fileID: 0}
  m_PlaneDistance: 100
  m_PixelPerfect: 0
  m_ReceivesEvents: 1
  m_OverrideSorting: 0
  m_OverridePixelPerfect: 0
  m_SortingBucketNormalizedSize: 0
  m_AdditionalShaderChannelsFlag: 25
  m_SortingLayerID: 0
  m_SortingOrder: 0
  m_TargetDisplay: 0
--- !u!114 &3580412457864582896
MonoBehaviour:
  m_ObjectHideFlags: 0
  m_CorrespondingSourceObject: {fileID: 0}
  m_PrefabInstance: {fileID: 0}
  m_PrefabAsset: {fileID: 0}
  m_GameObject: {fileID: 3580412457864582902}
  m_Enabled: 1
  m_EditorHideFlags: 0
  m_Script: {fileID: 11500000, guid: 0cd44c1031e13a943bb63640046fad76, type: 3}
  m_Name: 
  m_EditorClassIdentifier: 
  m_UiScaleMode: 0
  m_ReferencePixelsPerUnit: 100
  m_ScaleFactor: 1
  m_ReferenceResolution: {x: 800, y: 600}
  m_ScreenMatchMode: 0
  m_MatchWidthOrHeight: 0
  m_PhysicalUnit: 3
  m_FallbackScreenDPI: 96
  m_DefaultSpriteDPI: 96
  m_DynamicPixelsPerUnit: 1
  m_PresetInfoIsWorld: 1
--- !u!114 &3580412457864582897
MonoBehaviour:
  m_ObjectHideFlags: 0
  m_CorrespondingSourceObject: {fileID: 0}
  m_PrefabInstance: {fileID: 0}
  m_PrefabAsset: {fileID: 0}
  m_GameObject: {fileID: 3580412457864582902}
  m_Enabled: 1
  m_EditorHideFlags: 0
  m_Script: {fileID: 11500000, guid: dc42784cf147c0c48a680349fa168899, type: 3}
  m_Name: 
  m_EditorClassIdentifier: 
  m_IgnoreReversedGraphics: 1
  m_BlockingObjects: 2
  m_BlockingMask:
    serializedVersion: 2
    m_Bits: 4294967295
--- !u!114 &3580412457864582669
MonoBehaviour:
  m_ObjectHideFlags: 0
  m_CorrespondingSourceObject: {fileID: 0}
  m_PrefabInstance: {fileID: 0}
  m_PrefabAsset: {fileID: 0}
  m_GameObject: {fileID: 3580412457864582902}
  m_Enabled: 1
  m_EditorHideFlags: 0
  m_Script: {fileID: 11500000, guid: 747528be9fa8d554d9205da6b0807702, type: 3}
  m_Name: 
  m_EditorClassIdentifier: 
  inputTrethhold: 30
  startClick: {x: 0, y: 0}
  EndCLick: {x: 0, y: 0}
--- !u!1 &3580412457864873383
GameObject:
  m_ObjectHideFlags: 0
  m_CorrespondingSourceObject: {fileID: 0}
  m_PrefabInstance: {fileID: 0}
  m_PrefabAsset: {fileID: 0}
  serializedVersion: 6
  m_Component:
  - component: {fileID: 3580412457864873382}
  - component: {fileID: 3580412457864873377}
  m_Layer: 5
  m_Name: Room1CameraTarget
  m_TagString: Untagged
  m_Icon: {fileID: 0}
  m_NavMeshLayer: 0
  m_StaticEditorFlags: 0
  m_IsActive: 1
--- !u!4 &3580412457864873382
Transform:
  m_ObjectHideFlags: 0
  m_CorrespondingSourceObject: {fileID: 0}
  m_PrefabInstance: {fileID: 0}
  m_PrefabAsset: {fileID: 0}
  m_GameObject: {fileID: 3580412457864873383}
  m_LocalRotation: {x: -0, y: -0, z: -0, w: 1}
  m_LocalPosition: {x: -3.6999905, y: 74.4, z: 0.05}
  m_LocalScale: {x: 1, y: 1, z: 1}
  m_ConstrainProportionsScale: 0
  m_Children: []
  m_Father: {fileID: 3580412459367628395}
  m_RootOrder: 0
  m_LocalEulerAnglesHint: {x: 0, y: 0, z: 0}
--- !u!114 &3580412457864873377
MonoBehaviour:
  m_ObjectHideFlags: 0
  m_CorrespondingSourceObject: {fileID: 0}
  m_PrefabInstance: {fileID: 0}
  m_PrefabAsset: {fileID: 0}
  m_GameObject: {fileID: 3580412457864873383}
  m_Enabled: 1
  m_EditorHideFlags: 0
  m_Script: {fileID: 11500000, guid: 023ff7a1f86a4a144a0d7676da711ef1, type: 3}
  m_Name: 
  m_EditorClassIdentifier: 
  cameraOrtoSize: 12
--- !u!1 &3580412458071015799
GameObject:
  m_ObjectHideFlags: 0
  m_CorrespondingSourceObject: {fileID: 0}
  m_PrefabInstance: {fileID: 0}
  m_PrefabAsset: {fileID: 0}
  serializedVersion: 6
  m_Component:
  - component: {fileID: 3580412458071015798}
  - component: {fileID: 3580412458071015793}
  m_Layer: 5
  m_Name: Room2CameraTarget
  m_TagString: Untagged
  m_Icon: {fileID: 0}
  m_NavMeshLayer: 0
  m_StaticEditorFlags: 0
  m_IsActive: 1
--- !u!4 &3580412458071015798
Transform:
  m_ObjectHideFlags: 0
  m_CorrespondingSourceObject: {fileID: 0}
  m_PrefabInstance: {fileID: 0}
  m_PrefabAsset: {fileID: 0}
  m_GameObject: {fileID: 3580412458071015799}
  m_LocalRotation: {x: -0, y: -0, z: -0, w: 1}
  m_LocalPosition: {x: 2.8000016, y: 30.199997, z: 0.17099997}
  m_LocalScale: {x: 1, y: 1, z: 1}
  m_ConstrainProportionsScale: 0
  m_Children: []
  m_Father: {fileID: 3580412458541913499}
  m_RootOrder: 0
  m_LocalEulerAnglesHint: {x: 0, y: 0, z: 0}
--- !u!114 &3580412458071015793
MonoBehaviour:
  m_ObjectHideFlags: 0
  m_CorrespondingSourceObject: {fileID: 0}
  m_PrefabInstance: {fileID: 0}
  m_PrefabAsset: {fileID: 0}
  m_GameObject: {fileID: 3580412458071015799}
  m_Enabled: 1
  m_EditorHideFlags: 0
  m_Script: {fileID: 11500000, guid: 023ff7a1f86a4a144a0d7676da711ef1, type: 3}
  m_Name: 
  m_EditorClassIdentifier: 
  cameraOrtoSize: 12
--- !u!1 &3580412458230587272
GameObject:
  m_ObjectHideFlags: 0
  m_CorrespondingSourceObject: {fileID: 0}
  m_PrefabInstance: {fileID: 0}
  m_PrefabAsset: {fileID: 0}
  serializedVersion: 6
  m_Component:
  - component: {fileID: 3580412458230587275}
  - component: {fileID: 3580412458230587274}
  m_Layer: 5
  m_Name: Room4CameraTarget
  m_TagString: Untagged
  m_Icon: {fileID: 0}
  m_NavMeshLayer: 0
  m_StaticEditorFlags: 0
  m_IsActive: 1
--- !u!4 &3580412458230587275
Transform:
  m_ObjectHideFlags: 0
  m_CorrespondingSourceObject: {fileID: 0}
  m_PrefabInstance: {fileID: 0}
  m_PrefabAsset: {fileID: 0}
  m_GameObject: {fileID: 3580412458230587272}
  m_LocalRotation: {x: -0, y: -0, z: -0, w: 1}
  m_LocalPosition: {x: -3.6999843, y: 45.3, z: 0.17999998}
  m_LocalScale: {x: 1, y: 1, z: 1}
  m_ConstrainProportionsScale: 0
  m_Children: []
  m_Father: {fileID: 3580412457722473763}
  m_RootOrder: 0
  m_LocalEulerAnglesHint: {x: 0, y: 0, z: 0}
--- !u!114 &3580412458230587274
MonoBehaviour:
  m_ObjectHideFlags: 0
  m_CorrespondingSourceObject: {fileID: 0}
  m_PrefabInstance: {fileID: 0}
  m_PrefabAsset: {fileID: 0}
  m_GameObject: {fileID: 3580412458230587272}
  m_Enabled: 1
  m_EditorHideFlags: 0
  m_Script: {fileID: 11500000, guid: 023ff7a1f86a4a144a0d7676da711ef1, type: 3}
  m_Name: 
  m_EditorClassIdentifier: 
  cameraOrtoSize: 12
--- !u!1 &3580412458284837855
GameObject:
  m_ObjectHideFlags: 0
  m_CorrespondingSourceObject: {fileID: 0}
  m_PrefabInstance: {fileID: 0}
  m_PrefabAsset: {fileID: 0}
  serializedVersion: 6
  m_Component:
  - component: {fileID: 3580412458284837854}
  - component: {fileID: 3580412458284837849}
  m_Layer: 5
  m_Name: UnitCameraTarget
  m_TagString: Untagged
  m_Icon: {fileID: 0}
  m_NavMeshLayer: 0
  m_StaticEditorFlags: 0
  m_IsActive: 1
--- !u!4 &3580412458284837854
Transform:
  m_ObjectHideFlags: 0
  m_CorrespondingSourceObject: {fileID: 0}
  m_PrefabInstance: {fileID: 0}
  m_PrefabAsset: {fileID: 0}
  m_GameObject: {fileID: 3580412458284837855}
  m_LocalRotation: {x: -0, y: -0, z: -0, w: 1}
  m_LocalPosition: {x: -44.999973, y: 49.999996, z: 0.00003242623}
  m_LocalScale: {x: 1, y: 1, z: 1}
  m_ConstrainProportionsScale: 0
  m_Children: []
  m_Father: {fileID: 3580412457452516348}
  m_RootOrder: 1
  m_LocalEulerAnglesHint: {x: 0, y: 0, z: 0}
--- !u!114 &3580412458284837849
MonoBehaviour:
  m_ObjectHideFlags: 0
  m_CorrespondingSourceObject: {fileID: 0}
  m_PrefabInstance: {fileID: 0}
  m_PrefabAsset: {fileID: 0}
  m_GameObject: {fileID: 3580412458284837855}
  m_Enabled: 1
  m_EditorHideFlags: 0
  m_Script: {fileID: 11500000, guid: 023ff7a1f86a4a144a0d7676da711ef1, type: 3}
  m_Name: 
  m_EditorClassIdentifier: 
  cameraOrtoSize: 50
--- !u!1 &3580412458372754033
GameObject:
  m_ObjectHideFlags: 0
  m_CorrespondingSourceObject: {fileID: 0}
  m_PrefabInstance: {fileID: 0}
  m_PrefabAsset: {fileID: 0}
  serializedVersion: 6
  m_Component:
  - component: {fileID: 3580412458372754032}
  - component: {fileID: 3580412458372754035}
  m_Layer: 5
  m_Name: PoolCameraTarget
  m_TagString: Untagged
  m_Icon: {fileID: 0}
  m_NavMeshLayer: 0
  m_StaticEditorFlags: 0
  m_IsActive: 1
--- !u!4 &3580412458372754032
Transform:
  m_ObjectHideFlags: 0
  m_CorrespondingSourceObject: {fileID: 0}
  m_PrefabInstance: {fileID: 0}
  m_PrefabAsset: {fileID: 0}
  m_GameObject: {fileID: 3580412458372754033}
  m_LocalRotation: {x: -0, y: -0, z: -0, w: 1}
  m_LocalPosition: {x: -5.44, y: -81.4, z: 2.5}
  m_LocalScale: {x: 1, y: 1, z: 1}
  m_ConstrainProportionsScale: 0
  m_Children: []
  m_Father: {fileID: 3580412457568857127}
  m_RootOrder: 0
  m_LocalEulerAnglesHint: {x: 0, y: 0, z: 0}
--- !u!114 &3580412458372754035
MonoBehaviour:
  m_ObjectHideFlags: 0
  m_CorrespondingSourceObject: {fileID: 0}
  m_PrefabInstance: {fileID: 0}
  m_PrefabAsset: {fileID: 0}
  m_GameObject: {fileID: 3580412458372754033}
  m_Enabled: 1
  m_EditorHideFlags: 0
  m_Script: {fileID: 11500000, guid: 023ff7a1f86a4a144a0d7676da711ef1, type: 3}
  m_Name: 
  m_EditorClassIdentifier: 
  cameraOrtoSize: 17
--- !u!1 &3580412458411072668
GameObject:
  m_ObjectHideFlags: 0
  m_CorrespondingSourceObject: {fileID: 0}
  m_PrefabInstance: {fileID: 0}
  m_PrefabAsset: {fileID: 0}
  serializedVersion: 6
  m_Component:
  - component: {fileID: 3580412458411072671}
  - component: {fileID: 3580412458411072670}
  m_Layer: 5
  m_Name: ResearchLookPoint
  m_TagString: Untagged
  m_Icon: {fileID: 0}
  m_NavMeshLayer: 0
  m_StaticEditorFlags: 0
  m_IsActive: 1
--- !u!4 &3580412458411072671
Transform:
  m_ObjectHideFlags: 0
  m_CorrespondingSourceObject: {fileID: 0}
  m_PrefabInstance: {fileID: 0}
  m_PrefabAsset: {fileID: 0}
  m_GameObject: {fileID: 3580412458411072668}
  m_LocalRotation: {x: 0.00000041723243, y: 0.00000006984918, z: -0.12701103, w: 0.99190134}
  m_LocalPosition: {x: 11.999934, y: 17.99997, z: 1.0000011}
  m_LocalScale: {x: 1.307178, y: 1.6806827, z: 1}
  m_ConstrainProportionsScale: 0
  m_Children: []
  m_Father: {fileID: 3580412459450026526}
  m_RootOrder: 0
  m_LocalEulerAnglesHint: {x: 0, y: 0, z: 0}
--- !u!114 &3580412458411072670
MonoBehaviour:
  m_ObjectHideFlags: 0
  m_CorrespondingSourceObject: {fileID: 0}
  m_PrefabInstance: {fileID: 0}
  m_PrefabAsset: {fileID: 0}
  m_GameObject: {fileID: 3580412458411072668}
  m_Enabled: 1
  m_EditorHideFlags: 0
  m_Script: {fileID: 11500000, guid: 023ff7a1f86a4a144a0d7676da711ef1, type: 3}
  m_Name: 
  m_EditorClassIdentifier: 
  cameraOrtoSize: 30
--- !u!1 &3580412458449831913
GameObject:
  m_ObjectHideFlags: 0
  m_CorrespondingSourceObject: {fileID: 0}
  m_PrefabInstance: {fileID: 0}
  m_PrefabAsset: {fileID: 0}
  serializedVersion: 6
  m_Component:
  - component: {fileID: 3580412458449831912}
  - component: {fileID: 3580412458449831915}
  m_Layer: 5
  m_Name: ParkingCameraTarget
  m_TagString: Untagged
  m_Icon: {fileID: 0}
  m_NavMeshLayer: 0
  m_StaticEditorFlags: 0
  m_IsActive: 1
--- !u!4 &3580412458449831912
Transform:
  m_ObjectHideFlags: 0
  m_CorrespondingSourceObject: {fileID: 0}
  m_PrefabInstance: {fileID: 0}
  m_PrefabAsset: {fileID: 0}
  m_GameObject: {fileID: 3580412458449831913}
  m_LocalRotation: {x: -0, y: -0, z: -0, w: 1}
  m_LocalPosition: {x: 4.81, y: -4.97, z: 0}
  m_LocalScale: {x: 1, y: 1, z: 1}
  m_ConstrainProportionsScale: 0
  m_Children: []
  m_Father: {fileID: 3580412458776053044}
  m_RootOrder: 0
  m_LocalEulerAnglesHint: {x: 0, y: 0, z: 0}
--- !u!114 &3580412458449831915
MonoBehaviour:
  m_ObjectHideFlags: 0
  m_CorrespondingSourceObject: {fileID: 0}
  m_PrefabInstance: {fileID: 0}
  m_PrefabAsset: {fileID: 0}
  m_GameObject: {fileID: 3580412458449831913}
  m_Enabled: 1
  m_EditorHideFlags: 0
  m_Script: {fileID: 11500000, guid: 023ff7a1f86a4a144a0d7676da711ef1, type: 3}
  m_Name: 
  m_EditorClassIdentifier: 
  cameraOrtoSize: 19
--- !u!1 &3580412458541913496
GameObject:
  m_ObjectHideFlags: 0
  m_CorrespondingSourceObject: {fileID: 0}
  m_PrefabInstance: {fileID: 0}
  m_PrefabAsset: {fileID: 0}
  serializedVersion: 6
  m_Component:
  - component: {fileID: 3580412458541913499}
  - component: {fileID: 3580412458541913492}
  - component: {fileID: 3580412458541913498}
  - component: {fileID: 3580412458541913495}
  m_Layer: 5
  m_Name: Room2Area
  m_TagString: Untagged
  m_Icon: {fileID: 0}
  m_NavMeshLayer: 0
  m_StaticEditorFlags: 0
  m_IsActive: 1
--- !u!224 &3580412458541913499
RectTransform:
  m_ObjectHideFlags: 0
  m_CorrespondingSourceObject: {fileID: 0}
  m_PrefabInstance: {fileID: 0}
  m_PrefabAsset: {fileID: 0}
  m_GameObject: {fileID: 3580412458541913496}
  m_LocalRotation: {x: -0, y: -0, z: -0, w: 1}
  m_LocalPosition: {x: 0, y: 0, z: -18.81}
  m_LocalScale: {x: 0.13268106, y: 0.04047507, z: 16.33709}
  m_ConstrainProportionsScale: 0
  m_Children:
  - {fileID: 3580412458071015798}
  m_Father: {fileID: 3580412457864582898}
  m_RootOrder: 6
  m_LocalEulerAnglesHint: {x: 90, y: 0, z: -85.128}
  m_AnchorMin: {x: 0.5, y: 0.5}
  m_AnchorMax: {x: 0.5, y: 0.5}
  m_AnchoredPosition: {x: 4.94, y: 2.13}
  m_SizeDelta: {x: 100, y: 100}
  m_Pivot: {x: 0.5, y: 0.5}
--- !u!222 &3580412458541913492
CanvasRenderer:
  m_ObjectHideFlags: 0
  m_CorrespondingSourceObject: {fileID: 0}
  m_PrefabInstance: {fileID: 0}
  m_PrefabAsset: {fileID: 0}
  m_GameObject: {fileID: 3580412458541913496}
  m_CullTransparentMesh: 1
--- !u!114 &3580412458541913498
MonoBehaviour:
  m_ObjectHideFlags: 0
  m_CorrespondingSourceObject: {fileID: 0}
  m_PrefabInstance: {fileID: 0}
  m_PrefabAsset: {fileID: 0}
  m_GameObject: {fileID: 3580412458541913496}
  m_Enabled: 1
  m_EditorHideFlags: 0
  m_Script: {fileID: 11500000, guid: a98bc6e124bb42b2b1a4c5a16f9cbbd7, type: 3}
  m_Name: 
  m_EditorClassIdentifier: 
  _serviceMenu: {fileID: 0}
  _lookPosition: {fileID: 3580412458071015798}
  _serviceManager: {fileID: 11400000, guid: ef6eb6ace1a938d40a55085b6f0a1f94, type: 2}
--- !u!65 &3580412458541913495
BoxCollider:
  m_ObjectHideFlags: 0
  m_CorrespondingSourceObject: {fileID: 0}
  m_PrefabInstance: {fileID: 0}
  m_PrefabAsset: {fileID: 0}
  m_GameObject: {fileID: 3580412458541913496}
  m_Material: {fileID: 0}
  m_IsTrigger: 0
  m_Enabled: 1
  serializedVersion: 2
  m_Size: {x: 90, y: 85, z: 0.8}
  m_Center: {x: 0, y: 0, z: 0.16}
--- !u!1 &3580412458758428570
GameObject:
  m_ObjectHideFlags: 0
  m_CorrespondingSourceObject: {fileID: 0}
  m_PrefabInstance: {fileID: 0}
  m_PrefabAsset: {fileID: 0}
  serializedVersion: 6
  m_Component:
  - component: {fileID: 3580412458758428565}
  - component: {fileID: 3580412458758428564}
  m_Layer: 5
  m_Name: PlumberCameraTarget
  m_TagString: Untagged
  m_Icon: {fileID: 0}
  m_NavMeshLayer: 0
  m_StaticEditorFlags: 0
  m_IsActive: 1
--- !u!4 &3580412458758428565
Transform:
  m_ObjectHideFlags: 0
  m_CorrespondingSourceObject: {fileID: 0}
  m_PrefabInstance: {fileID: 0}
  m_PrefabAsset: {fileID: 0}
  m_GameObject: {fileID: 3580412458758428570}
  m_LocalRotation: {x: -0, y: -0, z: -0, w: 1}
  m_LocalPosition: {x: 58.20999, y: -12.580002, z: -5.550001}
  m_LocalScale: {x: 1, y: 1, z: 1}
  m_ConstrainProportionsScale: 0
  m_Children: []
  m_Father: {fileID: 3580412457452516348}
  m_RootOrder: 0
  m_LocalEulerAnglesHint: {x: 0, y: 0, z: 0}
--- !u!114 &3580412458758428564
MonoBehaviour:
  m_ObjectHideFlags: 0
  m_CorrespondingSourceObject: {fileID: 0}
  m_PrefabInstance: {fileID: 0}
  m_PrefabAsset: {fileID: 0}
  m_GameObject: {fileID: 3580412458758428570}
  m_Enabled: 1
  m_EditorHideFlags: 0
  m_Script: {fileID: 11500000, guid: 023ff7a1f86a4a144a0d7676da711ef1, type: 3}
  m_Name: 
  m_EditorClassIdentifier: 
  cameraOrtoSize: 16
--- !u!1 &3580412458776053045
GameObject:
  m_ObjectHideFlags: 0
  m_CorrespondingSourceObject: {fileID: 0}
  m_PrefabInstance: {fileID: 0}
  m_PrefabAsset: {fileID: 0}
  serializedVersion: 6
  m_Component:
  - component: {fileID: 3580412458776053044}
  - component: {fileID: 3580412458776053041}
  - component: {fileID: 3580412458776053047}
  - component: {fileID: 3580412458776053040}
  m_Layer: 5
  m_Name: ParkingArea
  m_TagString: Untagged
  m_Icon: {fileID: 0}
  m_NavMeshLayer: 0
  m_StaticEditorFlags: 0
  m_IsActive: 1
--- !u!224 &3580412458776053044
RectTransform:
  m_ObjectHideFlags: 0
  m_CorrespondingSourceObject: {fileID: 0}
  m_PrefabInstance: {fileID: 0}
  m_PrefabAsset: {fileID: 0}
  m_GameObject: {fileID: 3580412458776053045}
  m_LocalRotation: {x: -0.7071068, y: 0, z: 0, w: 0.7071068}
  m_LocalPosition: {x: 0, y: 0, z: 2.05}
  m_LocalScale: {x: 1, y: 1, z: 1}
  m_ConstrainProportionsScale: 0
  m_Children:
  - {fileID: 3580412458449831912}
  m_Father: {fileID: 3580412457864582898}
  m_RootOrder: 3
  m_LocalEulerAnglesHint: {x: -90, y: 0, z: 0}
  m_AnchorMin: {x: 0.5, y: 0.5}
  m_AnchorMax: {x: 0.5, y: 0.5}
  m_AnchoredPosition: {x: -6.37, y: -0.4}
  m_SizeDelta: {x: 20.2128, y: 55.0145}
  m_Pivot: {x: 0.5, y: 0.5}
--- !u!222 &3580412458776053041
CanvasRenderer:
  m_ObjectHideFlags: 0
  m_CorrespondingSourceObject: {fileID: 0}
  m_PrefabInstance: {fileID: 0}
  m_PrefabAsset: {fileID: 0}
  m_GameObject: {fileID: 3580412458776053045}
  m_CullTransparentMesh: 1
--- !u!114 &3580412458776053047
MonoBehaviour:
  m_ObjectHideFlags: 0
  m_CorrespondingSourceObject: {fileID: 0}
  m_PrefabInstance: {fileID: 0}
  m_PrefabAsset: {fileID: 0}
  m_GameObject: {fileID: 3580412458776053045}
  m_Enabled: 1
  m_EditorHideFlags: 0
  m_Script: {fileID: 11500000, guid: a98bc6e124bb42b2b1a4c5a16f9cbbd7, type: 3}
  m_Name: 
  m_EditorClassIdentifier: 
  _serviceMenu: {fileID: 0}
  _lookPosition: {fileID: 3580412458449831912}
  _serviceManager: {fileID: 11400000, guid: b99f9cf412925614697f77a47ff95a6e, type: 2}
--- !u!65 &3580412458776053040
BoxCollider:
  m_ObjectHideFlags: 0
  m_CorrespondingSourceObject: {fileID: 0}
  m_PrefabInstance: {fileID: 0}
  m_PrefabAsset: {fileID: 0}
  m_GameObject: {fileID: 3580412458776053045}
  m_Material: {fileID: 0}
  m_IsTrigger: 0
  m_Enabled: 1
  serializedVersion: 2
  m_Size: {x: 10.91, y: 32.2, z: 5.3742437}
  m_Center: {x: 3.9, y: -9.5, z: 3.3128834}
--- !u!1 &3580412458827230970
GameObject:
  m_ObjectHideFlags: 0
  m_CorrespondingSourceObject: {fileID: 0}
  m_PrefabInstance: {fileID: 0}
  m_PrefabAsset: {fileID: 0}
  serializedVersion: 6
  m_Component:
  - component: {fileID: 3580412458827230965}
  - component: {fileID: 3580412458827230966}
  - component: {fileID: 3580412458827230964}
  - component: {fileID: 3580412458827230961}
  m_Layer: 5
  m_Name: CleanersArea
  m_TagString: Untagged
  m_Icon: {fileID: 0}
  m_NavMeshLayer: 0
  m_StaticEditorFlags: 0
  m_IsActive: 1
--- !u!224 &3580412458827230965
RectTransform:
  m_ObjectHideFlags: 0
  m_CorrespondingSourceObject: {fileID: 0}
  m_PrefabInstance: {fileID: 0}
  m_PrefabAsset: {fileID: 0}
  m_GameObject: {fileID: 3580412458827230970}
  m_LocalRotation: {x: 0, y: 0, z: 0, w: 1}
  m_LocalPosition: {x: 0, y: 0, z: 18.44}
  m_LocalScale: {x: 0.042396598, y: 0.024001237, z: 0.43352416}
  m_ConstrainProportionsScale: 0
  m_Children:
  - {fileID: 3580412459163127231}
  m_Father: {fileID: 3580412457864582898}
  m_RootOrder: 2
  m_LocalEulerAnglesHint: {x: 0, y: 0, z: 0}
  m_AnchorMin: {x: 0.5, y: 0.5}
  m_AnchorMax: {x: 0.5, y: 0.5}
  m_AnchoredPosition: {x: 52.05, y: 1.43}
  m_SizeDelta: {x: 100, y: 100}
  m_Pivot: {x: 0.5, y: 0.5}
--- !u!222 &3580412458827230966
CanvasRenderer:
  m_ObjectHideFlags: 0
  m_CorrespondingSourceObject: {fileID: 0}
  m_PrefabInstance: {fileID: 0}
  m_PrefabAsset: {fileID: 0}
  m_GameObject: {fileID: 3580412458827230970}
  m_CullTransparentMesh: 1
--- !u!114 &3580412458827230964
MonoBehaviour:
  m_ObjectHideFlags: 0
  m_CorrespondingSourceObject: {fileID: 0}
  m_PrefabInstance: {fileID: 0}
  m_PrefabAsset: {fileID: 0}
  m_GameObject: {fileID: 3580412458827230970}
  m_Enabled: 1
  m_EditorHideFlags: 0
  m_Script: {fileID: 11500000, guid: a98bc6e124bb42b2b1a4c5a16f9cbbd7, type: 3}
  m_Name: 
  m_EditorClassIdentifier: 
  _serviceMenu: {fileID: 0}
  _lookPosition: {fileID: 3580412459163127231}
  _serviceManager: {fileID: 11400000, guid: 63880f03c9f805a4abb53787acfd3a0d, type: 2}
--- !u!65 &3580412458827230961
BoxCollider:
  m_ObjectHideFlags: 0
  m_CorrespondingSourceObject: {fileID: 0}
  m_PrefabInstance: {fileID: 0}
  m_PrefabAsset: {fileID: 0}
  m_GameObject: {fileID: 3580412458827230970}
  m_Material: {fileID: 0}
  m_IsTrigger: 0
  m_Enabled: 1
  serializedVersion: 2
  m_Size: {x: 223.5, y: 60, z: 30}
  m_Center: {x: 40.25, y: 62.8, z: 0.24}
--- !u!1 &3580412458889753524
GameObject:
  m_ObjectHideFlags: 0
  m_CorrespondingSourceObject: {fileID: 0}
  m_PrefabInstance: {fileID: 0}
  m_PrefabAsset: {fileID: 0}
  serializedVersion: 6
  m_Component:
  - component: {fileID: 3580412458889753527}
  - component: {fileID: 3580412458889753526}
  m_Layer: 5
  m_Name: BarCameraTarget
  m_TagString: Untagged
  m_Icon: {fileID: 0}
  m_NavMeshLayer: 0
  m_StaticEditorFlags: 0
  m_IsActive: 1
--- !u!4 &3580412458889753527
Transform:
  m_ObjectHideFlags: 0
  m_CorrespondingSourceObject: {fileID: 0}
  m_PrefabInstance: {fileID: 0}
  m_PrefabAsset: {fileID: 0}
  m_GameObject: {fileID: 3580412458889753524}
  m_LocalRotation: {x: -0, y: -0, z: -0, w: 1}
  m_LocalPosition: {x: -22.000002, y: 376.16, z: -5.2}
  m_LocalScale: {x: 1, y: 1, z: 1}
  m_ConstrainProportionsScale: 0
  m_Children: []
  m_Father: {fileID: 3580412457663101765}
  m_RootOrder: 0
  m_LocalEulerAnglesHint: {x: 0, y: 0, z: 0}
--- !u!114 &3580412458889753526
MonoBehaviour:
  m_ObjectHideFlags: 0
  m_CorrespondingSourceObject: {fileID: 0}
  m_PrefabInstance: {fileID: 0}
  m_PrefabAsset: {fileID: 0}
  m_GameObject: {fileID: 3580412458889753524}
  m_Enabled: 1
  m_EditorHideFlags: 0
  m_Script: {fileID: 11500000, guid: 023ff7a1f86a4a144a0d7676da711ef1, type: 3}
  m_Name: 
  m_EditorClassIdentifier: 
  cameraOrtoSize: 28
--- !u!1 &3580412459048534183
GameObject:
  m_ObjectHideFlags: 0
  m_CorrespondingSourceObject: {fileID: 0}
  m_PrefabInstance: {fileID: 0}
  m_PrefabAsset: {fileID: 0}
  serializedVersion: 6
  m_Component:
  - component: {fileID: 3580412459048534182}
  - component: {fileID: 3580412459048534179}
  - component: {fileID: 3580412459048534177}
  - component: {fileID: 3580412459048534178}
  m_Layer: 5
  m_Name: Room3Area
  m_TagString: Untagged
  m_Icon: {fileID: 0}
  m_NavMeshLayer: 0
  m_StaticEditorFlags: 0
  m_IsActive: 1
--- !u!224 &3580412459048534182
RectTransform:
  m_ObjectHideFlags: 0
  m_CorrespondingSourceObject: {fileID: 0}
  m_PrefabInstance: {fileID: 0}
  m_PrefabAsset: {fileID: 0}
  m_GameObject: {fileID: 3580412459048534183}
  m_LocalRotation: {x: -0, y: -0, z: -0, w: 1}
  m_LocalPosition: {x: 0, y: 0, z: 18.49}
  m_LocalScale: {x: 0.13268106, y: 0.04047507, z: 16.33709}
  m_ConstrainProportionsScale: 0
  m_Children:
  - {fileID: 3580412457859840978}
  m_Father: {fileID: 3580412457864582898}
  m_RootOrder: 7
  m_LocalEulerAnglesHint: {x: 90, y: 0, z: 23.233}
  m_AnchorMin: {x: 0.5, y: 0.5}
  m_AnchorMax: {x: 0.5, y: 0.5}
  m_AnchoredPosition: {x: 17.56, y: 2.1}
  m_SizeDelta: {x: 100, y: 100}
  m_Pivot: {x: 0.5, y: 0.5}
--- !u!222 &3580412459048534179
CanvasRenderer:
  m_ObjectHideFlags: 0
  m_CorrespondingSourceObject: {fileID: 0}
  m_PrefabInstance: {fileID: 0}
  m_PrefabAsset: {fileID: 0}
  m_GameObject: {fileID: 3580412459048534183}
  m_CullTransparentMesh: 1
--- !u!114 &3580412459048534177
MonoBehaviour:
  m_ObjectHideFlags: 0
  m_CorrespondingSourceObject: {fileID: 0}
  m_PrefabInstance: {fileID: 0}
  m_PrefabAsset: {fileID: 0}
  m_GameObject: {fileID: 3580412459048534183}
  m_Enabled: 1
  m_EditorHideFlags: 0
  m_Script: {fileID: 11500000, guid: a98bc6e124bb42b2b1a4c5a16f9cbbd7, type: 3}
  m_Name: 
  m_EditorClassIdentifier: 
  _serviceMenu: {fileID: 0}
  _lookPosition: {fileID: 3580412457859840978}
  _serviceManager: {fileID: 11400000, guid: 49eb1c62f767c96429d8a3b495539766, type: 2}
--- !u!65 &3580412459048534178
BoxCollider:
  m_ObjectHideFlags: 0
  m_CorrespondingSourceObject: {fileID: 0}
  m_PrefabInstance: {fileID: 0}
  m_PrefabAsset: {fileID: 0}
  m_GameObject: {fileID: 3580412459048534183}
  m_Material: {fileID: 0}
  m_IsTrigger: 0
  m_Enabled: 1
  serializedVersion: 2
  m_Size: {x: 90, y: 85, z: 0.8}
  m_Center: {x: 0, y: 0, z: 0}
--- !u!1 &3580412459163127228
GameObject:
  m_ObjectHideFlags: 0
  m_CorrespondingSourceObject: {fileID: 0}
  m_PrefabInstance: {fileID: 0}
  m_PrefabAsset: {fileID: 0}
  serializedVersion: 6
  m_Component:
  - component: {fileID: 3580412459163127231}
  - component: {fileID: 3580412459163127230}
  m_Layer: 5
  m_Name: CleanersCameraTarget
  m_TagString: Untagged
  m_Icon: {fileID: 0}
  m_NavMeshLayer: 0
  m_StaticEditorFlags: 0
  m_IsActive: 1
--- !u!4 &3580412459163127231
Transform:
  m_ObjectHideFlags: 0
  m_CorrespondingSourceObject: {fileID: 0}
  m_PrefabInstance: {fileID: 0}
  m_PrefabAsset: {fileID: 0}
  m_GameObject: {fileID: 3580412459163127228}
  m_LocalRotation: {x: -0, y: -0, z: -0, w: 1}
  m_LocalPosition: {x: 147.20001, y: -12.099998, z: -0.6000004}
  m_LocalScale: {x: 1, y: 1, z: 1}
  m_ConstrainProportionsScale: 0
  m_Children: []
  m_Father: {fileID: 3580412458827230965}
  m_RootOrder: 0
  m_LocalEulerAnglesHint: {x: 0, y: 0, z: 0}
--- !u!114 &3580412459163127230
MonoBehaviour:
  m_ObjectHideFlags: 0
  m_CorrespondingSourceObject: {fileID: 0}
  m_PrefabInstance: {fileID: 0}
  m_PrefabAsset: {fileID: 0}
  m_GameObject: {fileID: 3580412459163127228}
  m_Enabled: 1
  m_EditorHideFlags: 0
  m_Script: {fileID: 11500000, guid: 023ff7a1f86a4a144a0d7676da711ef1, type: 3}
  m_Name: 
  m_EditorClassIdentifier: 
  cameraOrtoSize: 16
--- !u!1 &3580412459367628392
GameObject:
  m_ObjectHideFlags: 0
  m_CorrespondingSourceObject: {fileID: 0}
  m_PrefabInstance: {fileID: 0}
  m_PrefabAsset: {fileID: 0}
  serializedVersion: 6
  m_Component:
  - component: {fileID: 3580412459367628395}
  - component: {fileID: 3580412459367628388}
  - component: {fileID: 3580412459367628394}
  - component: {fileID: 3580412459367628391}
  m_Layer: 5
  m_Name: Room1Area
  m_TagString: Untagged
  m_Icon: {fileID: 0}
  m_NavMeshLayer: 0
  m_StaticEditorFlags: 0
  m_IsActive: 1
--- !u!224 &3580412459367628395
RectTransform:
  m_ObjectHideFlags: 0
  m_CorrespondingSourceObject: {fileID: 0}
  m_PrefabInstance: {fileID: 0}
  m_PrefabAsset: {fileID: 0}
  m_GameObject: {fileID: 3580412459367628392}
  m_LocalRotation: {x: 0, y: 0, z: 0, w: 1}
  m_LocalPosition: {x: 0, y: 0, z: 15.95}
  m_LocalScale: {x: 0.13268106, y: 0.04047507, z: 16.33709}
  m_ConstrainProportionsScale: 0
  m_Children:
  - {fileID: 3580412457864873382}
  m_Father: {fileID: 3580412457864582898}
  m_RootOrder: 5
  m_LocalEulerAnglesHint: {x: 0, y: 0, z: 0}
  m_AnchorMin: {x: 0.5, y: 0.5}
  m_AnchorMax: {x: 0.5, y: 0.5}
  m_AnchoredPosition: {x: 4.95, y: 2.14}
  m_SizeDelta: {x: 100, y: 100}
  m_Pivot: {x: 0.5, y: 0.5}
--- !u!222 &3580412459367628388
CanvasRenderer:
  m_ObjectHideFlags: 0
  m_CorrespondingSourceObject: {fileID: 0}
  m_PrefabInstance: {fileID: 0}
  m_PrefabAsset: {fileID: 0}
  m_GameObject: {fileID: 3580412459367628392}
  m_CullTransparentMesh: 1
--- !u!114 &3580412459367628394
MonoBehaviour:
  m_ObjectHideFlags: 0
  m_CorrespondingSourceObject: {fileID: 0}
  m_PrefabInstance: {fileID: 0}
  m_PrefabAsset: {fileID: 0}
  m_GameObject: {fileID: 3580412459367628392}
  m_Enabled: 1
  m_EditorHideFlags: 0
  m_Script: {fileID: 11500000, guid: a98bc6e124bb42b2b1a4c5a16f9cbbd7, type: 3}
  m_Name: 
  m_EditorClassIdentifier: 
  _serviceMenu: {fileID: 0}
  _lookPosition: {fileID: 3580412457864873382}
  _serviceManager: {fileID: 11400000, guid: 2bb43c32f6d3cf14b805ae55c2016f74, type: 2}
--- !u!65 &3580412459367628391
BoxCollider:
  m_ObjectHideFlags: 0
  m_CorrespondingSourceObject: {fileID: 0}
  m_PrefabInstance: {fileID: 0}
  m_PrefabAsset: {fileID: 0}
  m_GameObject: {fileID: 3580412459367628392}
  m_Material: {fileID: 0}
  m_IsTrigger: 0
  m_Enabled: 1
  serializedVersion: 2
  m_Size: {x: 90, y: 85, z: 0.8}
  m_Center: {x: 0, y: 0, z: 0.16}
--- !u!1 &3580412459450026527
GameObject:
  m_ObjectHideFlags: 0
  m_CorrespondingSourceObject: {fileID: 0}
  m_PrefabInstance: {fileID: 0}
  m_PrefabAsset: {fileID: 0}
  serializedVersion: 6
  m_Component:
  - component: {fileID: 3580412459450026526}
  - component: {fileID: 3580412459450026523}
  - component: {fileID: 3580412459450026521}
  - component: {fileID: 3580412459450026522}
  m_Layer: 5
  m_Name: ResearchArea (This obj is BUG)
  m_TagString: Untagged
  m_Icon: {fileID: 0}
  m_NavMeshLayer: 0
  m_StaticEditorFlags: 0
  m_IsActive: 0
--- !u!224 &3580412459450026526
RectTransform:
  m_ObjectHideFlags: 0
  m_CorrespondingSourceObject: {fileID: 0}
  m_PrefabInstance: {fileID: 0}
  m_PrefabAsset: {fileID: 0}
  m_GameObject: {fileID: 3580412459450026527}
  m_LocalRotation: {x: 0.7070156, y: -0.011342169, z: 0.011342083, w: 0.70701617}
  m_LocalPosition: {x: 0, y: 0, z: 389.3}
  m_LocalScale: {x: 0.21666497, y: 0.19180578, z: 0.28115672}
  m_ConstrainProportionsScale: 0
  m_Children:
  - {fileID: 3580412458411072671}
  m_Father: {fileID: 3580412457864582898}
  m_RootOrder: 9
  m_LocalEulerAnglesHint: {x: 90, y: 0, z: 1.838}
  m_AnchorMin: {x: 0.5, y: 0.5}
  m_AnchorMax: {x: 0.5, y: 0.5}
  m_AnchoredPosition: {x: 380.3, y: 0.21}
  m_SizeDelta: {x: 100, y: 100}
  m_Pivot: {x: 0.5, y: 0.5}
--- !u!222 &3580412459450026523
CanvasRenderer:
  m_ObjectHideFlags: 0
  m_CorrespondingSourceObject: {fileID: 0}
  m_PrefabInstance: {fileID: 0}
  m_PrefabAsset: {fileID: 0}
  m_GameObject: {fileID: 3580412459450026527}
  m_CullTransparentMesh: 1
--- !u!114 &3580412459450026521
MonoBehaviour:
  m_ObjectHideFlags: 0
  m_CorrespondingSourceObject: {fileID: 0}
  m_PrefabInstance: {fileID: 0}
  m_PrefabAsset: {fileID: 0}
  m_GameObject: {fileID: 3580412459450026527}
  m_Enabled: 1
  m_EditorHideFlags: 0
  m_Script: {fileID: 11500000, guid: 2261a1972e724ba2ac2fe9c73006cf0a, type: 3}
  m_Name: 
  m_EditorClassIdentifier: 
  serviceCameraSize: {fileID: 3580412458411072670}
  UseCamera: 1
  _serviceCamera: {fileID: 0}
  OnLoad:
    m_PersistentCalls:
      m_Calls:
      - m_Target: {fileID: 0}
        m_TargetAssemblyTypeName: UnityEngine.GameObject, UnityEngine
        m_MethodName: SetActive
        m_Mode: 6
        m_Arguments:
          m_ObjectArgument: {fileID: 0}
          m_ObjectArgumentAssemblyTypeName: UnityEngine.Object, UnityEngine
          m_IntArgument: 0
          m_FloatArgument: 0
          m_StringArgument: 
          m_BoolArgument: 1
        m_CallState: 2
--- !u!65 &3580412459450026522
BoxCollider:
  m_ObjectHideFlags: 0
  m_CorrespondingSourceObject: {fileID: 0}
  m_PrefabInstance: {fileID: 0}
  m_PrefabAsset: {fileID: 0}
  m_GameObject: {fileID: 3580412459450026527}
  m_Material: {fileID: 0}
  m_IsTrigger: 0
  m_Enabled: 1
  serializedVersion: 2
  m_Size: {x: 90, y: 90, z: 50}
  m_Center: {x: -12.72, y: 5.49, z: -17.86}
--- !u!1001 &3580412458482420281
PrefabInstance:
  m_ObjectHideFlags: 0
  serializedVersion: 2
  m_Modification:
    m_TransformParent: {fileID: 3580412457864582898}
    m_Modifications:
    - target: {fileID: 2751351162557643613, guid: db22d11061bd6c74abc3af56a526f0a1, type: 3}
      propertyPath: m_Pivot.x
      value: 0.5
      objectReference: {fileID: 0}
    - target: {fileID: 2751351162557643613, guid: db22d11061bd6c74abc3af56a526f0a1, type: 3}
      propertyPath: m_Pivot.y
      value: 0.5
      objectReference: {fileID: 0}
    - target: {fileID: 2751351162557643613, guid: db22d11061bd6c74abc3af56a526f0a1, type: 3}
      propertyPath: m_RootOrder
      value: 11
      objectReference: {fileID: 0}
    - target: {fileID: 2751351162557643613, guid: db22d11061bd6c74abc3af56a526f0a1, type: 3}
      propertyPath: m_AnchorMax.x
      value: 0.5
      objectReference: {fileID: 0}
    - target: {fileID: 2751351162557643613, guid: db22d11061bd6c74abc3af56a526f0a1, type: 3}
      propertyPath: m_AnchorMax.y
      value: 0.5
      objectReference: {fileID: 0}
    - target: {fileID: 2751351162557643613, guid: db22d11061bd6c74abc3af56a526f0a1, type: 3}
      propertyPath: m_AnchorMin.x
      value: 0.5
      objectReference: {fileID: 0}
    - target: {fileID: 2751351162557643613, guid: db22d11061bd6c74abc3af56a526f0a1, type: 3}
      propertyPath: m_AnchorMin.y
      value: 0.5
      objectReference: {fileID: 0}
    - target: {fileID: 2751351162557643613, guid: db22d11061bd6c74abc3af56a526f0a1, type: 3}
      propertyPath: m_SizeDelta.x
      value: 100
      objectReference: {fileID: 0}
    - target: {fileID: 2751351162557643613, guid: db22d11061bd6c74abc3af56a526f0a1, type: 3}
      propertyPath: m_SizeDelta.y
      value: 100
      objectReference: {fileID: 0}
    - target: {fileID: 2751351162557643613, guid: db22d11061bd6c74abc3af56a526f0a1, type: 3}
      propertyPath: m_LocalScale.x
      value: 0.59727997
      objectReference: {fileID: 0}
    - target: {fileID: 2751351162557643613, guid: db22d11061bd6c74abc3af56a526f0a1, type: 3}
      propertyPath: m_LocalScale.y
      value: 0.59727997
      objectReference: {fileID: 0}
    - target: {fileID: 2751351162557643613, guid: db22d11061bd6c74abc3af56a526f0a1, type: 3}
      propertyPath: m_LocalScale.z
      value: 0.59727997
      objectReference: {fileID: 0}
    - target: {fileID: 2751351162557643613, guid: db22d11061bd6c74abc3af56a526f0a1, type: 3}
      propertyPath: m_LocalPosition.x
      value: 0
      objectReference: {fileID: 0}
    - target: {fileID: 2751351162557643613, guid: db22d11061bd6c74abc3af56a526f0a1, type: 3}
      propertyPath: m_LocalPosition.y
      value: 0
      objectReference: {fileID: 0}
    - target: {fileID: 2751351162557643613, guid: db22d11061bd6c74abc3af56a526f0a1, type: 3}
      propertyPath: m_LocalPosition.z
      value: 437.45
      objectReference: {fileID: 0}
    - target: {fileID: 2751351162557643613, guid: db22d11061bd6c74abc3af56a526f0a1, type: 3}
      propertyPath: m_LocalRotation.w
      value: 0.48584425
      objectReference: {fileID: 0}
    - target: {fileID: 2751351162557643613, guid: db22d11061bd6c74abc3af56a526f0a1, type: 3}
      propertyPath: m_LocalRotation.x
      value: 0.5137658
      objectReference: {fileID: 0}
    - target: {fileID: 2751351162557643613, guid: db22d11061bd6c74abc3af56a526f0a1, type: 3}
      propertyPath: m_LocalRotation.y
      value: 0.48584425
      objectReference: {fileID: 0}
    - target: {fileID: 2751351162557643613, guid: db22d11061bd6c74abc3af56a526f0a1, type: 3}
      propertyPath: m_LocalRotation.z
      value: 0.5137658
      objectReference: {fileID: 0}
    - target: {fileID: 2751351162557643613, guid: db22d11061bd6c74abc3af56a526f0a1, type: 3}
      propertyPath: m_AnchoredPosition.x
      value: 400.45
      objectReference: {fileID: 0}
    - target: {fileID: 2751351162557643613, guid: db22d11061bd6c74abc3af56a526f0a1, type: 3}
      propertyPath: m_AnchoredPosition.y
      value: -40.51
      objectReference: {fileID: 0}
    - target: {fileID: 2751351162557643613, guid: db22d11061bd6c74abc3af56a526f0a1, type: 3}
      propertyPath: m_LocalEulerAnglesHint.x
      value: 0
      objectReference: {fileID: 0}
    - target: {fileID: 2751351162557643613, guid: db22d11061bd6c74abc3af56a526f0a1, type: 3}
      propertyPath: m_LocalEulerAnglesHint.y
      value: 90
      objectReference: {fileID: 0}
    - target: {fileID: 2751351162557643613, guid: db22d11061bd6c74abc3af56a526f0a1, type: 3}
      propertyPath: m_LocalEulerAnglesHint.z
      value: 93.2
      objectReference: {fileID: 0}
    - target: {fileID: 4464187813769419180, guid: db22d11061bd6c74abc3af56a526f0a1, type: 3}
      propertyPath: m_Name
      value: TutorialWorldPointerStep11
      objectReference: {fileID: 0}
    - target: {fileID: 4464187813769419180, guid: db22d11061bd6c74abc3af56a526f0a1, type: 3}
      propertyPath: m_IsActive
      value: 0
      objectReference: {fileID: 0}
    - target: {fileID: 4636393612626498947, guid: db22d11061bd6c74abc3af56a526f0a1, type: 3}
      propertyPath: m_PresetInfoIsWorld
      value: 1
      objectReference: {fileID: 0}
    m_RemovedComponents: []
  m_SourcePrefab: {fileID: 100100000, guid: db22d11061bd6c74abc3af56a526f0a1, type: 3}
--- !u!224 &1702058737333793124 stripped
RectTransform:
  m_CorrespondingSourceObject: {fileID: 2751351162557643613, guid: db22d11061bd6c74abc3af56a526f0a1, type: 3}
  m_PrefabInstance: {fileID: 3580412458482420281}
  m_PrefabAsset: {fileID: 0}
--- !u!1001 &5841357888904892695
PrefabInstance:
  m_ObjectHideFlags: 0
  serializedVersion: 2
  m_Modification:
    m_TransformParent: {fileID: 3580412457864582898}
    m_Modifications:
    - target: {fileID: 5841357888559915104, guid: 6364542b31a8bd441a23fe212b5c6f4d, type: 3}
      propertyPath: m_Name
      value: ResearchWorldVisual
      objectReference: {fileID: 0}
    - target: {fileID: 5841357888559915119, guid: 6364542b31a8bd441a23fe212b5c6f4d, type: 3}
      propertyPath: m_Pivot.x
      value: 0.5
      objectReference: {fileID: 0}
    - target: {fileID: 5841357888559915119, guid: 6364542b31a8bd441a23fe212b5c6f4d, type: 3}
      propertyPath: m_Pivot.y
      value: 0.5
      objectReference: {fileID: 0}
    - target: {fileID: 5841357888559915119, guid: 6364542b31a8bd441a23fe212b5c6f4d, type: 3}
      propertyPath: m_RootOrder
      value: 13
      objectReference: {fileID: 0}
    - target: {fileID: 5841357888559915119, guid: 6364542b31a8bd441a23fe212b5c6f4d, type: 3}
      propertyPath: m_AnchorMax.x
      value: 0.5
      objectReference: {fileID: 0}
    - target: {fileID: 5841357888559915119, guid: 6364542b31a8bd441a23fe212b5c6f4d, type: 3}
      propertyPath: m_AnchorMax.y
      value: 0.5
      objectReference: {fileID: 0}
    - target: {fileID: 5841357888559915119, guid: 6364542b31a8bd441a23fe212b5c6f4d, type: 3}
      propertyPath: m_AnchorMin.x
      value: 0.5
      objectReference: {fileID: 0}
    - target: {fileID: 5841357888559915119, guid: 6364542b31a8bd441a23fe212b5c6f4d, type: 3}
      propertyPath: m_AnchorMin.y
      value: 0.5
      objectReference: {fileID: 0}
    - target: {fileID: 5841357888559915119, guid: 6364542b31a8bd441a23fe212b5c6f4d, type: 3}
      propertyPath: m_SizeDelta.x
      value: 1
      objectReference: {fileID: 0}
    - target: {fileID: 5841357888559915119, guid: 6364542b31a8bd441a23fe212b5c6f4d, type: 3}
      propertyPath: m_SizeDelta.y
      value: 2
      objectReference: {fileID: 0}
    - target: {fileID: 5841357888559915119, guid: 6364542b31a8bd441a23fe212b5c6f4d, type: 3}
      propertyPath: m_LocalPosition.x
      value: 0
      objectReference: {fileID: 0}
    - target: {fileID: 5841357888559915119, guid: 6364542b31a8bd441a23fe212b5c6f4d, type: 3}
      propertyPath: m_LocalPosition.y
      value: 0
      objectReference: {fileID: 0}
    - target: {fileID: 5841357888559915119, guid: 6364542b31a8bd441a23fe212b5c6f4d, type: 3}
      propertyPath: m_LocalPosition.z
      value: 3.87
      objectReference: {fileID: 0}
    - target: {fileID: 5841357888559915119, guid: 6364542b31a8bd441a23fe212b5c6f4d, type: 3}
      propertyPath: m_LocalRotation.w
      value: 1
      objectReference: {fileID: 0}
    - target: {fileID: 5841357888559915119, guid: 6364542b31a8bd441a23fe212b5c6f4d, type: 3}
      propertyPath: m_LocalRotation.x
      value: 0
      objectReference: {fileID: 0}
    - target: {fileID: 5841357888559915119, guid: 6364542b31a8bd441a23fe212b5c6f4d, type: 3}
      propertyPath: m_LocalRotation.y
      value: 0
      objectReference: {fileID: 0}
    - target: {fileID: 5841357888559915119, guid: 6364542b31a8bd441a23fe212b5c6f4d, type: 3}
      propertyPath: m_LocalRotation.z
      value: 0
      objectReference: {fileID: 0}
    - target: {fileID: 5841357888559915119, guid: 6364542b31a8bd441a23fe212b5c6f4d, type: 3}
      propertyPath: m_AnchoredPosition.x
      value: 28.4
      objectReference: {fileID: 0}
    - target: {fileID: 5841357888559915119, guid: 6364542b31a8bd441a23fe212b5c6f4d, type: 3}
      propertyPath: m_AnchoredPosition.y
      value: 1.1387
      objectReference: {fileID: 0}
    - target: {fileID: 5841357888559915119, guid: 6364542b31a8bd441a23fe212b5c6f4d, type: 3}
      propertyPath: m_LocalEulerAnglesHint.x
      value: 0
      objectReference: {fileID: 0}
    - target: {fileID: 5841357888559915119, guid: 6364542b31a8bd441a23fe212b5c6f4d, type: 3}
      propertyPath: m_LocalEulerAnglesHint.y
      value: 0
      objectReference: {fileID: 0}
    - target: {fileID: 5841357888559915119, guid: 6364542b31a8bd441a23fe212b5c6f4d, type: 3}
      propertyPath: m_LocalEulerAnglesHint.z
      value: 0
      objectReference: {fileID: 0}
    m_RemovedComponents: []
  m_SourcePrefab: {fileID: 100100000, guid: 6364542b31a8bd441a23fe212b5c6f4d, type: 3}
--- !u!224 &395325816 stripped
RectTransform:
  m_CorrespondingSourceObject: {fileID: 5841357888559915119, guid: 6364542b31a8bd441a23fe212b5c6f4d, type: 3}
  m_PrefabInstance: {fileID: 5841357888904892695}
  m_PrefabAsset: {fileID: 0}
--- !u!1001 &8390787809828246816
PrefabInstance:
  m_ObjectHideFlags: 0
  serializedVersion: 2
  m_Modification:
    m_TransformParent: {fileID: 3580412457864582898}
    m_Modifications:
    - target: {fileID: 2751351162557643613, guid: db22d11061bd6c74abc3af56a526f0a1, type: 3}
      propertyPath: m_Pivot.x
      value: 0.5
      objectReference: {fileID: 0}
    - target: {fileID: 2751351162557643613, guid: db22d11061bd6c74abc3af56a526f0a1, type: 3}
      propertyPath: m_Pivot.y
      value: 0.5
      objectReference: {fileID: 0}
    - target: {fileID: 2751351162557643613, guid: db22d11061bd6c74abc3af56a526f0a1, type: 3}
      propertyPath: m_RootOrder
      value: 10
      objectReference: {fileID: 0}
    - target: {fileID: 2751351162557643613, guid: db22d11061bd6c74abc3af56a526f0a1, type: 3}
      propertyPath: m_AnchorMax.x
      value: 0.5
      objectReference: {fileID: 0}
    - target: {fileID: 2751351162557643613, guid: db22d11061bd6c74abc3af56a526f0a1, type: 3}
      propertyPath: m_AnchorMax.y
      value: 0.5
      objectReference: {fileID: 0}
    - target: {fileID: 2751351162557643613, guid: db22d11061bd6c74abc3af56a526f0a1, type: 3}
      propertyPath: m_AnchorMin.x
      value: 0.5
      objectReference: {fileID: 0}
    - target: {fileID: 2751351162557643613, guid: db22d11061bd6c74abc3af56a526f0a1, type: 3}
      propertyPath: m_AnchorMin.y
      value: 0.5
      objectReference: {fileID: 0}
    - target: {fileID: 2751351162557643613, guid: db22d11061bd6c74abc3af56a526f0a1, type: 3}
      propertyPath: m_SizeDelta.x
      value: 10
      objectReference: {fileID: 0}
    - target: {fileID: 2751351162557643613, guid: db22d11061bd6c74abc3af56a526f0a1, type: 3}
      propertyPath: m_SizeDelta.y
      value: 10
      objectReference: {fileID: 0}
    - target: {fileID: 2751351162557643613, guid: db22d11061bd6c74abc3af56a526f0a1, type: 3}
      propertyPath: m_LocalPosition.x
      value: 0
      objectReference: {fileID: 0}
    - target: {fileID: 2751351162557643613, guid: db22d11061bd6c74abc3af56a526f0a1, type: 3}
      propertyPath: m_LocalPosition.y
      value: 0
      objectReference: {fileID: 0}
    - target: {fileID: 2751351162557643613, guid: db22d11061bd6c74abc3af56a526f0a1, type: 3}
      propertyPath: m_LocalPosition.z
      value: 462.1
      objectReference: {fileID: 0}
    - target: {fileID: 2751351162557643613, guid: db22d11061bd6c74abc3af56a526f0a1, type: 3}
      propertyPath: m_LocalRotation.w
      value: 0.7812393
      objectReference: {fileID: 0}
    - target: {fileID: 2751351162557643613, guid: db22d11061bd6c74abc3af56a526f0a1, type: 3}
      propertyPath: m_LocalRotation.x
      value: 0.24632373
      objectReference: {fileID: 0}
    - target: {fileID: 2751351162557643613, guid: db22d11061bd6c74abc3af56a526f0a1, type: 3}
      propertyPath: m_LocalRotation.y
      value: 0.5470295
      objectReference: {fileID: 0}
    - target: {fileID: 2751351162557643613, guid: db22d11061bd6c74abc3af56a526f0a1, type: 3}
      propertyPath: m_LocalRotation.z
      value: -0.1724777
      objectReference: {fileID: 0}
    - target: {fileID: 2751351162557643613, guid: db22d11061bd6c74abc3af56a526f0a1, type: 3}
      propertyPath: m_AnchoredPosition.x
      value: 385.09
      objectReference: {fileID: 0}
    - target: {fileID: 2751351162557643613, guid: db22d11061bd6c74abc3af56a526f0a1, type: 3}
      propertyPath: m_AnchoredPosition.y
      value: 13.200012
      objectReference: {fileID: 0}
    - target: {fileID: 2751351162557643613, guid: db22d11061bd6c74abc3af56a526f0a1, type: 3}
      propertyPath: m_LocalEulerAnglesHint.x
      value: 35
      objectReference: {fileID: 0}
    - target: {fileID: 2751351162557643613, guid: db22d11061bd6c74abc3af56a526f0a1, type: 3}
      propertyPath: m_LocalEulerAnglesHint.y
      value: 70
      objectReference: {fileID: 0}
    - target: {fileID: 2751351162557643613, guid: db22d11061bd6c74abc3af56a526f0a1, type: 3}
      propertyPath: m_LocalEulerAnglesHint.z
      value: 0
      objectReference: {fileID: 0}
    - target: {fileID: 4464187813769419180, guid: db22d11061bd6c74abc3af56a526f0a1, type: 3}
      propertyPath: m_Name
      value: TutorialWorldPointerStep2
      objectReference: {fileID: 0}
    - target: {fileID: 4464187813769419180, guid: db22d11061bd6c74abc3af56a526f0a1, type: 3}
      propertyPath: m_IsActive
      value: 0
      objectReference: {fileID: 0}
    m_RemovedComponents: []
  m_SourcePrefab: {fileID: 100100000, guid: db22d11061bd6c74abc3af56a526f0a1, type: 3}
--- !u!224 &5934849583953129085 stripped
RectTransform:
  m_CorrespondingSourceObject: {fileID: 2751351162557643613, guid: db22d11061bd6c74abc3af56a526f0a1, type: 3}
  m_PrefabInstance: {fileID: 8390787809828246816}
  m_PrefabAsset: {fileID: 0}
