%YAML 1.1
%TAG !u! tag:unity3d.com,2011:
--- !u!1 &7627179319503817469
GameObject:
  m_ObjectHideFlags: 0
  m_CorrespondingSourceObject: {fileID: 0}
  m_PrefabInstance: {fileID: 0}
  m_PrefabAsset: {fileID: 0}
  serializedVersion: 6
  m_Component:
  - component: {fileID: 433297974444254753}
  m_Layer: 0
  m_Name: Room1_floor_lvl_3
  m_TagString: Untagged
  m_Icon: {fileID: 0}
  m_NavMeshLayer: 0
  m_StaticEditorFlags: 0
  m_IsActive: 0
--- !u!4 &433297974444254753
Transform:
  m_ObjectHideFlags: 0
  m_CorrespondingSourceObject: {fileID: 0}
  m_PrefabInstance: {fileID: 0}
  m_PrefabAsset: {fileID: 0}
  m_GameObject: {fileID: 7627179319503817469}
  m_LocalRotation: {x: -0, y: -0, z: -0, w: 1}
  m_LocalPosition: {x: -5.909979, y: -0.0027326345, z: -2.6362047}
  m_LocalScale: {x: 1, y: 1, z: 1}
  m_ConstrainProportionsScale: 0
  m_Children:
  - {fileID: 699437349906851809}
  - {fileID: 2855789964618780016}
  - {fileID: 197859626996667521}
  - {fileID: 5858039048654342974}
  - {fileID: 8938247378069391982}
  - {fileID: 1472897179302654581}
  - {fileID: 6431814433722798410}
  - {fileID: 6039009056587070907}
  - {fileID: 5851969110846372379}
  - {fileID: 3114846108339448545}
  - {fileID: 2025569605198743864}
  - {fileID: 4402635769408952791}
  - {fileID: 4603278849462740836}
  - {fileID: 3594121499151934828}
  - {fileID: 2044892771063934363}
  - {fileID: 1686675949290750786}
  - {fileID: 5857377200513711442}
  - {fileID: 446142947789507241}
  - {fileID: 7985092974722253485}
  - {fileID: 4607551026863240482}
  - {fileID: 6412518133585335010}
  - {fileID: 3059711366864982278}
  - {fileID: 6682804662576949620}
  - {fileID: 258106773536853767}
  - {fileID: 3687177615984375368}
  - {fileID: 5780579211999317127}
  - {fileID: 7846480467523168871}
  - {fileID: 2695316584038577300}
  - {fileID: 5289157387984268330}
  - {fileID: 317761627914237477}
  - {fileID: 2704825974626262013}
  - {fileID: 5689010727735963874}
  - {fileID: 814941940591480747}
  - {fileID: 6895622355323218919}
  - {fileID: 613767678999629555}
  m_Father: {fileID: 0}
  m_RootOrder: 0
  m_LocalEulerAnglesHint: {x: 0, y: 0, z: 0}
--- !u!1001 &435807209114684224
PrefabInstance:
  m_ObjectHideFlags: 0
  serializedVersion: 2
  m_Modification:
    m_TransformParent: {fileID: 433297974444254753}
    m_Modifications:
    - target: {fileID: 1910122807768483961, guid: 5097234a820dca242838503cf26fa72c, type: 3}
      propertyPath: m_Name
      value: Room_1x1_Floor (21)
      objectReference: {fileID: 0}
    - target: {fileID: 3204886316640868934, guid: 5097234a820dca242838503cf26fa72c, type: 3}
      propertyPath: m_RootOrder
      value: 21
      objectReference: {fileID: 0}
    - target: {fileID: 3204886316640868934, guid: 5097234a820dca242838503cf26fa72c, type: 3}
      propertyPath: m_LocalPosition.x
      value: 10.005221
      objectReference: {fileID: 0}
    - target: {fileID: 3204886316640868934, guid: 5097234a820dca242838503cf26fa72c, type: 3}
      propertyPath: m_LocalPosition.y
      value: 0
      objectReference: {fileID: 0}
    - target: {fileID: 3204886316640868934, guid: 5097234a820dca242838503cf26fa72c, type: 3}
      propertyPath: m_LocalPosition.z
      value: 0.0000009536743
      objectReference: {fileID: 0}
    - target: {fileID: 3204886316640868934, guid: 5097234a820dca242838503cf26fa72c, type: 3}
      propertyPath: m_LocalRotation.w
      value: 0.7071068
      objectReference: {fileID: 0}
    - target: {fileID: 3204886316640868934, guid: 5097234a820dca242838503cf26fa72c, type: 3}
      propertyPath: m_LocalRotation.x
      value: -0.7071068
      objectReference: {fileID: 0}
    - target: {fileID: 3204886316640868934, guid: 5097234a820dca242838503cf26fa72c, type: 3}
      propertyPath: m_LocalRotation.y
      value: -0
      objectReference: {fileID: 0}
    - target: {fileID: 3204886316640868934, guid: 5097234a820dca242838503cf26fa72c, type: 3}
      propertyPath: m_LocalRotation.z
      value: -0
      objectReference: {fileID: 0}
    - target: {fileID: 3204886316640868934, guid: 5097234a820dca242838503cf26fa72c, type: 3}
      propertyPath: m_LocalEulerAnglesHint.x
      value: -90
      objectReference: {fileID: 0}
    - target: {fileID: 3204886316640868934, guid: 5097234a820dca242838503cf26fa72c, type: 3}
      propertyPath: m_LocalEulerAnglesHint.y
      value: 0
      objectReference: {fileID: 0}
    - target: {fileID: 3204886316640868934, guid: 5097234a820dca242838503cf26fa72c, type: 3}
      propertyPath: m_LocalEulerAnglesHint.z
      value: 0
      objectReference: {fileID: 0}
    m_RemovedComponents: []
  m_SourcePrefab: {fileID: 100100000, guid: 5097234a820dca242838503cf26fa72c, type: 3}
--- !u!4 &3059711366864982278 stripped
Transform:
  m_CorrespondingSourceObject: {fileID: 3204886316640868934, guid: 5097234a820dca242838503cf26fa72c, type: 3}
  m_PrefabInstance: {fileID: 435807209114684224}
  m_PrefabAsset: {fileID: 0}
--- !u!1001 &522456141577793703
PrefabInstance:
  m_ObjectHideFlags: 0
  serializedVersion: 2
  m_Modification:
    m_TransformParent: {fileID: 433297974444254753}
    m_Modifications:
    - target: {fileID: 1910122807768483961, guid: 5097234a820dca242838503cf26fa72c, type: 3}
      propertyPath: m_Name
      value: Room_1x1_Floor (9)
      objectReference: {fileID: 0}
    - target: {fileID: 3204886316640868934, guid: 5097234a820dca242838503cf26fa72c, type: 3}
      propertyPath: m_RootOrder
      value: 9
      objectReference: {fileID: 0}
    - target: {fileID: 3204886316640868934, guid: 5097234a820dca242838503cf26fa72c, type: 3}
      propertyPath: m_LocalPosition.x
      value: 6.00313
      objectReference: {fileID: 0}
    - target: {fileID: 3204886316640868934, guid: 5097234a820dca242838503cf26fa72c, type: 3}
      propertyPath: m_LocalPosition.y
      value: 0
      objectReference: {fileID: 0}
    - target: {fileID: 3204886316640868934, guid: 5097234a820dca242838503cf26fa72c, type: 3}
      propertyPath: m_LocalPosition.z
      value: -2
      objectReference: {fileID: 0}
    - target: {fileID: 3204886316640868934, guid: 5097234a820dca242838503cf26fa72c, type: 3}
      propertyPath: m_LocalRotation.w
      value: 0.7071068
      objectReference: {fileID: 0}
    - target: {fileID: 3204886316640868934, guid: 5097234a820dca242838503cf26fa72c, type: 3}
      propertyPath: m_LocalRotation.x
      value: -0.7071068
      objectReference: {fileID: 0}
    - target: {fileID: 3204886316640868934, guid: 5097234a820dca242838503cf26fa72c, type: 3}
      propertyPath: m_LocalRotation.y
      value: -0
      objectReference: {fileID: 0}
    - target: {fileID: 3204886316640868934, guid: 5097234a820dca242838503cf26fa72c, type: 3}
      propertyPath: m_LocalRotation.z
      value: -0
      objectReference: {fileID: 0}
    - target: {fileID: 3204886316640868934, guid: 5097234a820dca242838503cf26fa72c, type: 3}
      propertyPath: m_LocalEulerAnglesHint.x
      value: -90
      objectReference: {fileID: 0}
    - target: {fileID: 3204886316640868934, guid: 5097234a820dca242838503cf26fa72c, type: 3}
      propertyPath: m_LocalEulerAnglesHint.y
      value: 0
      objectReference: {fileID: 0}
    - target: {fileID: 3204886316640868934, guid: 5097234a820dca242838503cf26fa72c, type: 3}
      propertyPath: m_LocalEulerAnglesHint.z
      value: 0
      objectReference: {fileID: 0}
    m_RemovedComponents: []
  m_SourcePrefab: {fileID: 100100000, guid: 5097234a820dca242838503cf26fa72c, type: 3}
--- !u!4 &3114846108339448545 stripped
Transform:
  m_CorrespondingSourceObject: {fileID: 3204886316640868934, guid: 5097234a820dca242838503cf26fa72c, type: 3}
  m_PrefabInstance: {fileID: 522456141577793703}
  m_PrefabAsset: {fileID: 0}
--- !u!1001 &656886973821431506
PrefabInstance:
  m_ObjectHideFlags: 0
  serializedVersion: 2
  m_Modification:
    m_TransformParent: {fileID: 433297974444254753}
    m_Modifications:
    - target: {fileID: 1910122807768483961, guid: 5097234a820dca242838503cf26fa72c, type: 3}
      propertyPath: m_Name
      value: Room_1x1_Floor (27)
      objectReference: {fileID: 0}
    - target: {fileID: 3204886316640868934, guid: 5097234a820dca242838503cf26fa72c, type: 3}
      propertyPath: m_RootOrder
      value: 27
      objectReference: {fileID: 0}
    - target: {fileID: 3204886316640868934, guid: 5097234a820dca242838503cf26fa72c, type: 3}
      propertyPath: m_LocalPosition.x
      value: 6.0031304
      objectReference: {fileID: 0}
    - target: {fileID: 3204886316640868934, guid: 5097234a820dca242838503cf26fa72c, type: 3}
      propertyPath: m_LocalPosition.y
      value: 0.0000010728836
      objectReference: {fileID: 0}
    - target: {fileID: 3204886316640868934, guid: 5097234a820dca242838503cf26fa72c, type: 3}
      propertyPath: m_LocalPosition.z
      value: 5.999996
      objectReference: {fileID: 0}
    - target: {fileID: 3204886316640868934, guid: 5097234a820dca242838503cf26fa72c, type: 3}
      propertyPath: m_LocalRotation.w
      value: 0.7071068
      objectReference: {fileID: 0}
    - target: {fileID: 3204886316640868934, guid: 5097234a820dca242838503cf26fa72c, type: 3}
      propertyPath: m_LocalRotation.x
      value: -0.7071068
      objectReference: {fileID: 0}
    - target: {fileID: 3204886316640868934, guid: 5097234a820dca242838503cf26fa72c, type: 3}
      propertyPath: m_LocalRotation.y
      value: -0
      objectReference: {fileID: 0}
    - target: {fileID: 3204886316640868934, guid: 5097234a820dca242838503cf26fa72c, type: 3}
      propertyPath: m_LocalRotation.z
      value: -0
      objectReference: {fileID: 0}
    - target: {fileID: 3204886316640868934, guid: 5097234a820dca242838503cf26fa72c, type: 3}
      propertyPath: m_LocalEulerAnglesHint.x
      value: -90
      objectReference: {fileID: 0}
    - target: {fileID: 3204886316640868934, guid: 5097234a820dca242838503cf26fa72c, type: 3}
      propertyPath: m_LocalEulerAnglesHint.y
      value: 0
      objectReference: {fileID: 0}
    - target: {fileID: 3204886316640868934, guid: 5097234a820dca242838503cf26fa72c, type: 3}
      propertyPath: m_LocalEulerAnglesHint.z
      value: 0
      objectReference: {fileID: 0}
    m_RemovedComponents: []
  m_SourcePrefab: {fileID: 100100000, guid: 5097234a820dca242838503cf26fa72c, type: 3}
--- !u!4 &2695316584038577300 stripped
Transform:
  m_CorrespondingSourceObject: {fileID: 3204886316640868934, guid: 5097234a820dca242838503cf26fa72c, type: 3}
  m_PrefabInstance: {fileID: 656886973821431506}
  m_PrefabAsset: {fileID: 0}
--- !u!1001 &717044288969146811
PrefabInstance:
  m_ObjectHideFlags: 0
  serializedVersion: 2
  m_Modification:
    m_TransformParent: {fileID: 433297974444254753}
    m_Modifications:
    - target: {fileID: 1910122807768483961, guid: 5097234a820dca242838503cf26fa72c, type: 3}
      propertyPath: m_Name
      value: Room_1x1_Floor (30)
      objectReference: {fileID: 0}
    - target: {fileID: 3204886316640868934, guid: 5097234a820dca242838503cf26fa72c, type: 3}
      propertyPath: m_RootOrder
      value: 30
      objectReference: {fileID: 0}
    - target: {fileID: 3204886316640868934, guid: 5097234a820dca242838503cf26fa72c, type: 3}
      propertyPath: m_LocalPosition.x
      value: 12.006265
      objectReference: {fileID: 0}
    - target: {fileID: 3204886316640868934, guid: 5097234a820dca242838503cf26fa72c, type: 3}
      propertyPath: m_LocalPosition.y
      value: -0.00000023841858
      objectReference: {fileID: 0}
    - target: {fileID: 3204886316640868934, guid: 5097234a820dca242838503cf26fa72c, type: 3}
      propertyPath: m_LocalPosition.z
      value: -2
      objectReference: {fileID: 0}
    - target: {fileID: 3204886316640868934, guid: 5097234a820dca242838503cf26fa72c, type: 3}
      propertyPath: m_LocalRotation.w
      value: 0.7071068
      objectReference: {fileID: 0}
    - target: {fileID: 3204886316640868934, guid: 5097234a820dca242838503cf26fa72c, type: 3}
      propertyPath: m_LocalRotation.x
      value: -0.7071068
      objectReference: {fileID: 0}
    - target: {fileID: 3204886316640868934, guid: 5097234a820dca242838503cf26fa72c, type: 3}
      propertyPath: m_LocalRotation.y
      value: -0
      objectReference: {fileID: 0}
    - target: {fileID: 3204886316640868934, guid: 5097234a820dca242838503cf26fa72c, type: 3}
      propertyPath: m_LocalRotation.z
      value: -0
      objectReference: {fileID: 0}
    - target: {fileID: 3204886316640868934, guid: 5097234a820dca242838503cf26fa72c, type: 3}
      propertyPath: m_LocalEulerAnglesHint.x
      value: -90
      objectReference: {fileID: 0}
    - target: {fileID: 3204886316640868934, guid: 5097234a820dca242838503cf26fa72c, type: 3}
      propertyPath: m_LocalEulerAnglesHint.y
      value: 0
      objectReference: {fileID: 0}
    - target: {fileID: 3204886316640868934, guid: 5097234a820dca242838503cf26fa72c, type: 3}
      propertyPath: m_LocalEulerAnglesHint.z
      value: 0
      objectReference: {fileID: 0}
    m_RemovedComponents: []
  m_SourcePrefab: {fileID: 100100000, guid: 5097234a820dca242838503cf26fa72c, type: 3}
--- !u!4 &2704825974626262013 stripped
Transform:
  m_CorrespondingSourceObject: {fileID: 3204886316640868934, guid: 5097234a820dca242838503cf26fa72c, type: 3}
  m_PrefabInstance: {fileID: 717044288969146811}
  m_PrefabAsset: {fileID: 0}
--- !u!1001 &854495118405261110
PrefabInstance:
  m_ObjectHideFlags: 0
  serializedVersion: 2
  m_Modification:
    m_TransformParent: {fileID: 433297974444254753}
    m_Modifications:
    - target: {fileID: 1910122807768483961, guid: 5097234a820dca242838503cf26fa72c, type: 3}
      propertyPath: m_Name
      value: Room_1x1_Floor (1)
      objectReference: {fileID: 0}
    - target: {fileID: 3204886316640868934, guid: 5097234a820dca242838503cf26fa72c, type: 3}
      propertyPath: m_RootOrder
      value: 1
      objectReference: {fileID: 0}
    - target: {fileID: 3204886316640868934, guid: 5097234a820dca242838503cf26fa72c, type: 3}
      propertyPath: m_LocalPosition.x
      value: 0
      objectReference: {fileID: 0}
    - target: {fileID: 3204886316640868934, guid: 5097234a820dca242838503cf26fa72c, type: 3}
      propertyPath: m_LocalPosition.y
      value: 0
      objectReference: {fileID: 0}
    - target: {fileID: 3204886316640868934, guid: 5097234a820dca242838503cf26fa72c, type: 3}
      propertyPath: m_LocalPosition.z
      value: -2
      objectReference: {fileID: 0}
    - target: {fileID: 3204886316640868934, guid: 5097234a820dca242838503cf26fa72c, type: 3}
      propertyPath: m_LocalRotation.w
      value: 0.7071068
      objectReference: {fileID: 0}
    - target: {fileID: 3204886316640868934, guid: 5097234a820dca242838503cf26fa72c, type: 3}
      propertyPath: m_LocalRotation.x
      value: -0.7071068
      objectReference: {fileID: 0}
    - target: {fileID: 3204886316640868934, guid: 5097234a820dca242838503cf26fa72c, type: 3}
      propertyPath: m_LocalRotation.y
      value: -0
      objectReference: {fileID: 0}
    - target: {fileID: 3204886316640868934, guid: 5097234a820dca242838503cf26fa72c, type: 3}
      propertyPath: m_LocalRotation.z
      value: -0
      objectReference: {fileID: 0}
    - target: {fileID: 3204886316640868934, guid: 5097234a820dca242838503cf26fa72c, type: 3}
      propertyPath: m_LocalEulerAnglesHint.x
      value: -90
      objectReference: {fileID: 0}
    - target: {fileID: 3204886316640868934, guid: 5097234a820dca242838503cf26fa72c, type: 3}
      propertyPath: m_LocalEulerAnglesHint.y
      value: 0
      objectReference: {fileID: 0}
    - target: {fileID: 3204886316640868934, guid: 5097234a820dca242838503cf26fa72c, type: 3}
      propertyPath: m_LocalEulerAnglesHint.z
      value: 0
      objectReference: {fileID: 0}
    m_RemovedComponents: []
  m_SourcePrefab: {fileID: 100100000, guid: 5097234a820dca242838503cf26fa72c, type: 3}
--- !u!4 &2855789964618780016 stripped
Transform:
  m_CorrespondingSourceObject: {fileID: 3204886316640868934, guid: 5097234a820dca242838503cf26fa72c, type: 3}
  m_PrefabInstance: {fileID: 854495118405261110}
  m_PrefabAsset: {fileID: 0}
--- !u!1001 &1252923152438068113
PrefabInstance:
  m_ObjectHideFlags: 0
  serializedVersion: 2
  m_Modification:
    m_TransformParent: {fileID: 433297974444254753}
    m_Modifications:
    - target: {fileID: 1910122807768483961, guid: 5097234a820dca242838503cf26fa72c, type: 3}
      propertyPath: m_Name
      value: Room_1x1_Floor (11)
      objectReference: {fileID: 0}
    - target: {fileID: 3204886316640868934, guid: 5097234a820dca242838503cf26fa72c, type: 3}
      propertyPath: m_RootOrder
      value: 11
      objectReference: {fileID: 0}
    - target: {fileID: 3204886316640868934, guid: 5097234a820dca242838503cf26fa72c, type: 3}
      propertyPath: m_LocalPosition.x
      value: 2.0010424
      objectReference: {fileID: 0}
    - target: {fileID: 3204886316640868934, guid: 5097234a820dca242838503cf26fa72c, type: 3}
      propertyPath: m_LocalPosition.y
      value: 0
      objectReference: {fileID: 0}
    - target: {fileID: 3204886316640868934, guid: 5097234a820dca242838503cf26fa72c, type: 3}
      propertyPath: m_LocalPosition.z
      value: -2
      objectReference: {fileID: 0}
    - target: {fileID: 3204886316640868934, guid: 5097234a820dca242838503cf26fa72c, type: 3}
      propertyPath: m_LocalRotation.w
      value: 0.7071068
      objectReference: {fileID: 0}
    - target: {fileID: 3204886316640868934, guid: 5097234a820dca242838503cf26fa72c, type: 3}
      propertyPath: m_LocalRotation.x
      value: -0.7071068
      objectReference: {fileID: 0}
    - target: {fileID: 3204886316640868934, guid: 5097234a820dca242838503cf26fa72c, type: 3}
      propertyPath: m_LocalRotation.y
      value: -0
      objectReference: {fileID: 0}
    - target: {fileID: 3204886316640868934, guid: 5097234a820dca242838503cf26fa72c, type: 3}
      propertyPath: m_LocalRotation.z
      value: -0
      objectReference: {fileID: 0}
    - target: {fileID: 3204886316640868934, guid: 5097234a820dca242838503cf26fa72c, type: 3}
      propertyPath: m_LocalEulerAnglesHint.x
      value: -90
      objectReference: {fileID: 0}
    - target: {fileID: 3204886316640868934, guid: 5097234a820dca242838503cf26fa72c, type: 3}
      propertyPath: m_LocalEulerAnglesHint.y
      value: 0
      objectReference: {fileID: 0}
    - target: {fileID: 3204886316640868934, guid: 5097234a820dca242838503cf26fa72c, type: 3}
      propertyPath: m_LocalEulerAnglesHint.z
      value: 0
      objectReference: {fileID: 0}
    m_RemovedComponents: []
  m_SourcePrefab: {fileID: 100100000, guid: 5097234a820dca242838503cf26fa72c, type: 3}
--- !u!4 &4402635769408952791 stripped
Transform:
  m_CorrespondingSourceObject: {fileID: 3204886316640868934, guid: 5097234a820dca242838503cf26fa72c, type: 3}
  m_PrefabInstance: {fileID: 1252923152438068113}
  m_PrefabAsset: {fileID: 0}
--- !u!1001 &1408294215670624100
PrefabInstance:
  m_ObjectHideFlags: 0
  serializedVersion: 2
  m_Modification:
    m_TransformParent: {fileID: 433297974444254753}
    m_Modifications:
    - target: {fileID: 1910122807768483961, guid: 5097234a820dca242838503cf26fa72c, type: 3}
      propertyPath: m_Name
      value: Room_1x1_Floor (19)
      objectReference: {fileID: 0}
    - target: {fileID: 3204886316640868934, guid: 5097234a820dca242838503cf26fa72c, type: 3}
      propertyPath: m_RootOrder
      value: 19
      objectReference: {fileID: 0}
    - target: {fileID: 3204886316640868934, guid: 5097234a820dca242838503cf26fa72c, type: 3}
      propertyPath: m_LocalPosition.x
      value: 8.004173
      objectReference: {fileID: 0}
    - target: {fileID: 3204886316640868934, guid: 5097234a820dca242838503cf26fa72c, type: 3}
      propertyPath: m_LocalPosition.y
      value: 0
      objectReference: {fileID: 0}
    - target: {fileID: 3204886316640868934, guid: 5097234a820dca242838503cf26fa72c, type: 3}
      propertyPath: m_LocalPosition.z
      value: 4
      objectReference: {fileID: 0}
    - target: {fileID: 3204886316640868934, guid: 5097234a820dca242838503cf26fa72c, type: 3}
      propertyPath: m_LocalRotation.w
      value: 0.7071068
      objectReference: {fileID: 0}
    - target: {fileID: 3204886316640868934, guid: 5097234a820dca242838503cf26fa72c, type: 3}
      propertyPath: m_LocalRotation.x
      value: -0.7071068
      objectReference: {fileID: 0}
    - target: {fileID: 3204886316640868934, guid: 5097234a820dca242838503cf26fa72c, type: 3}
      propertyPath: m_LocalRotation.y
      value: -0
      objectReference: {fileID: 0}
    - target: {fileID: 3204886316640868934, guid: 5097234a820dca242838503cf26fa72c, type: 3}
      propertyPath: m_LocalRotation.z
      value: -0
      objectReference: {fileID: 0}
    - target: {fileID: 3204886316640868934, guid: 5097234a820dca242838503cf26fa72c, type: 3}
      propertyPath: m_LocalEulerAnglesHint.x
      value: -90
      objectReference: {fileID: 0}
    - target: {fileID: 3204886316640868934, guid: 5097234a820dca242838503cf26fa72c, type: 3}
      propertyPath: m_LocalEulerAnglesHint.y
      value: 0
      objectReference: {fileID: 0}
    - target: {fileID: 3204886316640868934, guid: 5097234a820dca242838503cf26fa72c, type: 3}
      propertyPath: m_LocalEulerAnglesHint.z
      value: 0
      objectReference: {fileID: 0}
    m_RemovedComponents: []
  m_SourcePrefab: {fileID: 100100000, guid: 5097234a820dca242838503cf26fa72c, type: 3}
--- !u!4 &4607551026863240482 stripped
Transform:
  m_CorrespondingSourceObject: {fileID: 3204886316640868934, guid: 5097234a820dca242838503cf26fa72c, type: 3}
  m_PrefabInstance: {fileID: 1408294215670624100}
  m_PrefabAsset: {fileID: 0}
--- !u!1001 &1411925377792097570
PrefabInstance:
  m_ObjectHideFlags: 0
  serializedVersion: 2
  m_Modification:
    m_TransformParent: {fileID: 433297974444254753}
    m_Modifications:
    - target: {fileID: 1910122807768483961, guid: 5097234a820dca242838503cf26fa72c, type: 3}
      propertyPath: m_Name
      value: Room_1x1_Floor (12)
      objectReference: {fileID: 0}
    - target: {fileID: 3204886316640868934, guid: 5097234a820dca242838503cf26fa72c, type: 3}
      propertyPath: m_RootOrder
      value: 12
      objectReference: {fileID: 0}
    - target: {fileID: 3204886316640868934, guid: 5097234a820dca242838503cf26fa72c, type: 3}
      propertyPath: m_LocalPosition.x
      value: 2.0010428
      objectReference: {fileID: 0}
    - target: {fileID: 3204886316640868934, guid: 5097234a820dca242838503cf26fa72c, type: 3}
      propertyPath: m_LocalPosition.y
      value: 0
      objectReference: {fileID: 0}
    - target: {fileID: 3204886316640868934, guid: 5097234a820dca242838503cf26fa72c, type: 3}
      propertyPath: m_LocalPosition.z
      value: 0
      objectReference: {fileID: 0}
    - target: {fileID: 3204886316640868934, guid: 5097234a820dca242838503cf26fa72c, type: 3}
      propertyPath: m_LocalRotation.w
      value: 0.7071068
      objectReference: {fileID: 0}
    - target: {fileID: 3204886316640868934, guid: 5097234a820dca242838503cf26fa72c, type: 3}
      propertyPath: m_LocalRotation.x
      value: -0.7071068
      objectReference: {fileID: 0}
    - target: {fileID: 3204886316640868934, guid: 5097234a820dca242838503cf26fa72c, type: 3}
      propertyPath: m_LocalRotation.y
      value: -0
      objectReference: {fileID: 0}
    - target: {fileID: 3204886316640868934, guid: 5097234a820dca242838503cf26fa72c, type: 3}
      propertyPath: m_LocalRotation.z
      value: -0
      objectReference: {fileID: 0}
    - target: {fileID: 3204886316640868934, guid: 5097234a820dca242838503cf26fa72c, type: 3}
      propertyPath: m_LocalEulerAnglesHint.x
      value: -90
      objectReference: {fileID: 0}
    - target: {fileID: 3204886316640868934, guid: 5097234a820dca242838503cf26fa72c, type: 3}
      propertyPath: m_LocalEulerAnglesHint.y
      value: 0
      objectReference: {fileID: 0}
    - target: {fileID: 3204886316640868934, guid: 5097234a820dca242838503cf26fa72c, type: 3}
      propertyPath: m_LocalEulerAnglesHint.z
      value: 0
      objectReference: {fileID: 0}
    m_RemovedComponents: []
  m_SourcePrefab: {fileID: 100100000, guid: 5097234a820dca242838503cf26fa72c, type: 3}
--- !u!4 &4603278849462740836 stripped
Transform:
  m_CorrespondingSourceObject: {fileID: 3204886316640868934, guid: 5097234a820dca242838503cf26fa72c, type: 3}
  m_PrefabInstance: {fileID: 1411925377792097570}
  m_PrefabAsset: {fileID: 0}
--- !u!1001 &2133274014794661674
PrefabInstance:
  m_ObjectHideFlags: 0
  serializedVersion: 2
  m_Modification:
    m_TransformParent: {fileID: 433297974444254753}
    m_Modifications:
    - target: {fileID: 1910122807768483961, guid: 5097234a820dca242838503cf26fa72c, type: 3}
      propertyPath: m_Name
      value: Room_1x1_Floor (13)
      objectReference: {fileID: 0}
    - target: {fileID: 3204886316640868934, guid: 5097234a820dca242838503cf26fa72c, type: 3}
      propertyPath: m_RootOrder
      value: 13
      objectReference: {fileID: 0}
    - target: {fileID: 3204886316640868934, guid: 5097234a820dca242838503cf26fa72c, type: 3}
      propertyPath: m_LocalPosition.x
      value: 4.002087
      objectReference: {fileID: 0}
    - target: {fileID: 3204886316640868934, guid: 5097234a820dca242838503cf26fa72c, type: 3}
      propertyPath: m_LocalPosition.y
      value: 0
      objectReference: {fileID: 0}
    - target: {fileID: 3204886316640868934, guid: 5097234a820dca242838503cf26fa72c, type: 3}
      propertyPath: m_LocalPosition.z
      value: 2
      objectReference: {fileID: 0}
    - target: {fileID: 3204886316640868934, guid: 5097234a820dca242838503cf26fa72c, type: 3}
      propertyPath: m_LocalRotation.w
      value: 0.7071068
      objectReference: {fileID: 0}
    - target: {fileID: 3204886316640868934, guid: 5097234a820dca242838503cf26fa72c, type: 3}
      propertyPath: m_LocalRotation.x
      value: -0.7071068
      objectReference: {fileID: 0}
    - target: {fileID: 3204886316640868934, guid: 5097234a820dca242838503cf26fa72c, type: 3}
      propertyPath: m_LocalRotation.y
      value: -0
      objectReference: {fileID: 0}
    - target: {fileID: 3204886316640868934, guid: 5097234a820dca242838503cf26fa72c, type: 3}
      propertyPath: m_LocalRotation.z
      value: -0
      objectReference: {fileID: 0}
    - target: {fileID: 3204886316640868934, guid: 5097234a820dca242838503cf26fa72c, type: 3}
      propertyPath: m_LocalEulerAnglesHint.x
      value: -90
      objectReference: {fileID: 0}
    - target: {fileID: 3204886316640868934, guid: 5097234a820dca242838503cf26fa72c, type: 3}
      propertyPath: m_LocalEulerAnglesHint.y
      value: 0
      objectReference: {fileID: 0}
    - target: {fileID: 3204886316640868934, guid: 5097234a820dca242838503cf26fa72c, type: 3}
      propertyPath: m_LocalEulerAnglesHint.z
      value: 0
      objectReference: {fileID: 0}
    m_RemovedComponents: []
  m_SourcePrefab: {fileID: 100100000, guid: 5097234a820dca242838503cf26fa72c, type: 3}
--- !u!4 &3594121499151934828 stripped
Transform:
  m_CorrespondingSourceObject: {fileID: 3204886316640868934, guid: 5097234a820dca242838503cf26fa72c, type: 3}
  m_PrefabInstance: {fileID: 2133274014794661674}
  m_PrefabAsset: {fileID: 0}
--- !u!1001 &2256716410529426446
PrefabInstance:
  m_ObjectHideFlags: 0
  serializedVersion: 2
  m_Modification:
    m_TransformParent: {fileID: 433297974444254753}
    m_Modifications:
    - target: {fileID: 1910122807768483961, guid: 5097234a820dca242838503cf26fa72c, type: 3}
      propertyPath: m_Name
      value: Room_1x1_Floor (24)
      objectReference: {fileID: 0}
    - target: {fileID: 3204886316640868934, guid: 5097234a820dca242838503cf26fa72c, type: 3}
      propertyPath: m_RootOrder
      value: 24
      objectReference: {fileID: 0}
    - target: {fileID: 3204886316640868934, guid: 5097234a820dca242838503cf26fa72c, type: 3}
      propertyPath: m_LocalPosition.x
      value: -0.0000009536743
      objectReference: {fileID: 0}
    - target: {fileID: 3204886316640868934, guid: 5097234a820dca242838503cf26fa72c, type: 3}
      propertyPath: m_LocalPosition.y
      value: 0.0000010728836
      objectReference: {fileID: 0}
    - target: {fileID: 3204886316640868934, guid: 5097234a820dca242838503cf26fa72c, type: 3}
      propertyPath: m_LocalPosition.z
      value: 5.999996
      objectReference: {fileID: 0}
    - target: {fileID: 3204886316640868934, guid: 5097234a820dca242838503cf26fa72c, type: 3}
      propertyPath: m_LocalRotation.w
      value: 0.7071068
      objectReference: {fileID: 0}
    - target: {fileID: 3204886316640868934, guid: 5097234a820dca242838503cf26fa72c, type: 3}
      propertyPath: m_LocalRotation.x
      value: -0.7071068
      objectReference: {fileID: 0}
    - target: {fileID: 3204886316640868934, guid: 5097234a820dca242838503cf26fa72c, type: 3}
      propertyPath: m_LocalRotation.y
      value: -0
      objectReference: {fileID: 0}
    - target: {fileID: 3204886316640868934, guid: 5097234a820dca242838503cf26fa72c, type: 3}
      propertyPath: m_LocalRotation.z
      value: -0
      objectReference: {fileID: 0}
    - target: {fileID: 3204886316640868934, guid: 5097234a820dca242838503cf26fa72c, type: 3}
      propertyPath: m_LocalEulerAnglesHint.x
      value: -90
      objectReference: {fileID: 0}
    - target: {fileID: 3204886316640868934, guid: 5097234a820dca242838503cf26fa72c, type: 3}
      propertyPath: m_LocalEulerAnglesHint.y
      value: 0
      objectReference: {fileID: 0}
    - target: {fileID: 3204886316640868934, guid: 5097234a820dca242838503cf26fa72c, type: 3}
      propertyPath: m_LocalEulerAnglesHint.z
      value: 0
      objectReference: {fileID: 0}
    m_RemovedComponents: []
  m_SourcePrefab: {fileID: 100100000, guid: 5097234a820dca242838503cf26fa72c, type: 3}
--- !u!4 &3687177615984375368 stripped
Transform:
  m_CorrespondingSourceObject: {fileID: 3204886316640868934, guid: 5097234a820dca242838503cf26fa72c, type: 3}
  m_PrefabInstance: {fileID: 2256716410529426446}
  m_PrefabAsset: {fileID: 0}
--- !u!1001 &2665710331136840885
PrefabInstance:
  m_ObjectHideFlags: 0
  serializedVersion: 2
  m_Modification:
    m_TransformParent: {fileID: 433297974444254753}
    m_Modifications:
    - target: {fileID: 1910122807768483961, guid: 5097234a820dca242838503cf26fa72c, type: 3}
      propertyPath: m_Name
      value: Room_1x1_Floor (34)
      objectReference: {fileID: 0}
    - target: {fileID: 3204886316640868934, guid: 5097234a820dca242838503cf26fa72c, type: 3}
      propertyPath: m_RootOrder
      value: 34
      objectReference: {fileID: 0}
    - target: {fileID: 3204886316640868934, guid: 5097234a820dca242838503cf26fa72c, type: 3}
      propertyPath: m_LocalPosition.x
      value: 12.006264
      objectReference: {fileID: 0}
    - target: {fileID: 3204886316640868934, guid: 5097234a820dca242838503cf26fa72c, type: 3}
      propertyPath: m_LocalPosition.y
      value: 0.0000010728836
      objectReference: {fileID: 0}
    - target: {fileID: 3204886316640868934, guid: 5097234a820dca242838503cf26fa72c, type: 3}
      propertyPath: m_LocalPosition.z
      value: 5.999997
      objectReference: {fileID: 0}
    - target: {fileID: 3204886316640868934, guid: 5097234a820dca242838503cf26fa72c, type: 3}
      propertyPath: m_LocalRotation.w
      value: 0.7071068
      objectReference: {fileID: 0}
    - target: {fileID: 3204886316640868934, guid: 5097234a820dca242838503cf26fa72c, type: 3}
      propertyPath: m_LocalRotation.x
      value: -0.7071068
      objectReference: {fileID: 0}
    - target: {fileID: 3204886316640868934, guid: 5097234a820dca242838503cf26fa72c, type: 3}
      propertyPath: m_LocalRotation.y
      value: -0
      objectReference: {fileID: 0}
    - target: {fileID: 3204886316640868934, guid: 5097234a820dca242838503cf26fa72c, type: 3}
      propertyPath: m_LocalRotation.z
      value: -0
      objectReference: {fileID: 0}
    - target: {fileID: 3204886316640868934, guid: 5097234a820dca242838503cf26fa72c, type: 3}
      propertyPath: m_LocalEulerAnglesHint.x
      value: -90
      objectReference: {fileID: 0}
    - target: {fileID: 3204886316640868934, guid: 5097234a820dca242838503cf26fa72c, type: 3}
      propertyPath: m_LocalEulerAnglesHint.y
      value: 0
      objectReference: {fileID: 0}
    - target: {fileID: 3204886316640868934, guid: 5097234a820dca242838503cf26fa72c, type: 3}
      propertyPath: m_LocalEulerAnglesHint.z
      value: 0
      objectReference: {fileID: 0}
    m_RemovedComponents: []
  m_SourcePrefab: {fileID: 100100000, guid: 5097234a820dca242838503cf26fa72c, type: 3}
--- !u!4 &613767678999629555 stripped
Transform:
  m_CorrespondingSourceObject: {fileID: 3204886316640868934, guid: 5097234a820dca242838503cf26fa72c, type: 3}
  m_PrefabInstance: {fileID: 2665710331136840885}
  m_PrefabAsset: {fileID: 0}
--- !u!1001 &2724376025981336999
PrefabInstance:
  m_ObjectHideFlags: 0
  serializedVersion: 2
  m_Modification:
    m_TransformParent: {fileID: 433297974444254753}
    m_Modifications:
    - target: {fileID: 1910122807768483961, guid: 5097234a820dca242838503cf26fa72c, type: 3}
      propertyPath: m_Name
      value: Room_1x1_Floor
      objectReference: {fileID: 0}
    - target: {fileID: 3204886316640868934, guid: 5097234a820dca242838503cf26fa72c, type: 3}
      propertyPath: m_RootOrder
      value: 0
      objectReference: {fileID: 0}
    - target: {fileID: 3204886316640868934, guid: 5097234a820dca242838503cf26fa72c, type: 3}
      propertyPath: m_LocalPosition.x
      value: 0
      objectReference: {fileID: 0}
    - target: {fileID: 3204886316640868934, guid: 5097234a820dca242838503cf26fa72c, type: 3}
      propertyPath: m_LocalPosition.y
      value: 0
      objectReference: {fileID: 0}
    - target: {fileID: 3204886316640868934, guid: 5097234a820dca242838503cf26fa72c, type: 3}
      propertyPath: m_LocalPosition.z
      value: 0
      objectReference: {fileID: 0}
    - target: {fileID: 3204886316640868934, guid: 5097234a820dca242838503cf26fa72c, type: 3}
      propertyPath: m_LocalRotation.w
      value: 0.7071068
      objectReference: {fileID: 0}
    - target: {fileID: 3204886316640868934, guid: 5097234a820dca242838503cf26fa72c, type: 3}
      propertyPath: m_LocalRotation.x
      value: -0.7071068
      objectReference: {fileID: 0}
    - target: {fileID: 3204886316640868934, guid: 5097234a820dca242838503cf26fa72c, type: 3}
      propertyPath: m_LocalRotation.y
      value: -0
      objectReference: {fileID: 0}
    - target: {fileID: 3204886316640868934, guid: 5097234a820dca242838503cf26fa72c, type: 3}
      propertyPath: m_LocalRotation.z
      value: -0
      objectReference: {fileID: 0}
    - target: {fileID: 3204886316640868934, guid: 5097234a820dca242838503cf26fa72c, type: 3}
      propertyPath: m_LocalEulerAnglesHint.x
      value: -90
      objectReference: {fileID: 0}
    - target: {fileID: 3204886316640868934, guid: 5097234a820dca242838503cf26fa72c, type: 3}
      propertyPath: m_LocalEulerAnglesHint.y
      value: 0
      objectReference: {fileID: 0}
    - target: {fileID: 3204886316640868934, guid: 5097234a820dca242838503cf26fa72c, type: 3}
      propertyPath: m_LocalEulerAnglesHint.z
      value: 0
      objectReference: {fileID: 0}
    m_RemovedComponents: []
  m_SourcePrefab: {fileID: 100100000, guid: 5097234a820dca242838503cf26fa72c, type: 3}
--- !u!4 &699437349906851809 stripped
Transform:
  m_CorrespondingSourceObject: {fileID: 3204886316640868934, guid: 5097234a820dca242838503cf26fa72c, type: 3}
  m_PrefabInstance: {fileID: 2724376025981336999}
  m_PrefabAsset: {fileID: 0}
--- !u!1001 &2825246252200252909
PrefabInstance:
  m_ObjectHideFlags: 0
  serializedVersion: 2
  m_Modification:
    m_TransformParent: {fileID: 433297974444254753}
    m_Modifications:
    - target: {fileID: 1910122807768483961, guid: 5097234a820dca242838503cf26fa72c, type: 3}
      propertyPath: m_Name
      value: Room_1x1_Floor (32)
      objectReference: {fileID: 0}
    - target: {fileID: 3204886316640868934, guid: 5097234a820dca242838503cf26fa72c, type: 3}
      propertyPath: m_RootOrder
      value: 32
      objectReference: {fileID: 0}
    - target: {fileID: 3204886316640868934, guid: 5097234a820dca242838503cf26fa72c, type: 3}
      propertyPath: m_LocalPosition.x
      value: 12.006265
      objectReference: {fileID: 0}
    - target: {fileID: 3204886316640868934, guid: 5097234a820dca242838503cf26fa72c, type: 3}
      propertyPath: m_LocalPosition.y
      value: -0.00000023841858
      objectReference: {fileID: 0}
    - target: {fileID: 3204886316640868934, guid: 5097234a820dca242838503cf26fa72c, type: 3}
      propertyPath: m_LocalPosition.z
      value: 2
      objectReference: {fileID: 0}
    - target: {fileID: 3204886316640868934, guid: 5097234a820dca242838503cf26fa72c, type: 3}
      propertyPath: m_LocalRotation.w
      value: 0.7071068
      objectReference: {fileID: 0}
    - target: {fileID: 3204886316640868934, guid: 5097234a820dca242838503cf26fa72c, type: 3}
      propertyPath: m_LocalRotation.x
      value: -0.7071068
      objectReference: {fileID: 0}
    - target: {fileID: 3204886316640868934, guid: 5097234a820dca242838503cf26fa72c, type: 3}
      propertyPath: m_LocalRotation.y
      value: -0
      objectReference: {fileID: 0}
    - target: {fileID: 3204886316640868934, guid: 5097234a820dca242838503cf26fa72c, type: 3}
      propertyPath: m_LocalRotation.z
      value: -0
      objectReference: {fileID: 0}
    - target: {fileID: 3204886316640868934, guid: 5097234a820dca242838503cf26fa72c, type: 3}
      propertyPath: m_LocalEulerAnglesHint.x
      value: -90
      objectReference: {fileID: 0}
    - target: {fileID: 3204886316640868934, guid: 5097234a820dca242838503cf26fa72c, type: 3}
      propertyPath: m_LocalEulerAnglesHint.y
      value: 0
      objectReference: {fileID: 0}
    - target: {fileID: 3204886316640868934, guid: 5097234a820dca242838503cf26fa72c, type: 3}
      propertyPath: m_LocalEulerAnglesHint.z
      value: 0
      objectReference: {fileID: 0}
    m_RemovedComponents: []
  m_SourcePrefab: {fileID: 100100000, guid: 5097234a820dca242838503cf26fa72c, type: 3}
--- !u!4 &814941940591480747 stripped
Transform:
  m_CorrespondingSourceObject: {fileID: 3204886316640868934, guid: 5097234a820dca242838503cf26fa72c, type: 3}
  m_PrefabInstance: {fileID: 2825246252200252909}
  m_PrefabAsset: {fileID: 0}
--- !u!1001 &2887618369818750051
PrefabInstance:
  m_ObjectHideFlags: 0
  serializedVersion: 2
  m_Modification:
    m_TransformParent: {fileID: 433297974444254753}
    m_Modifications:
    - target: {fileID: 1910122807768483961, guid: 5097234a820dca242838503cf26fa72c, type: 3}
      propertyPath: m_Name
      value: Room_1x1_Floor (29)
      objectReference: {fileID: 0}
    - target: {fileID: 3204886316640868934, guid: 5097234a820dca242838503cf26fa72c, type: 3}
      propertyPath: m_RootOrder
      value: 29
      objectReference: {fileID: 0}
    - target: {fileID: 3204886316640868934, guid: 5097234a820dca242838503cf26fa72c, type: 3}
      propertyPath: m_LocalPosition.x
      value: 10.005219
      objectReference: {fileID: 0}
    - target: {fileID: 3204886316640868934, guid: 5097234a820dca242838503cf26fa72c, type: 3}
      propertyPath: m_LocalPosition.y
      value: 0.0000010728836
      objectReference: {fileID: 0}
    - target: {fileID: 3204886316640868934, guid: 5097234a820dca242838503cf26fa72c, type: 3}
      propertyPath: m_LocalPosition.z
      value: 5.999997
      objectReference: {fileID: 0}
    - target: {fileID: 3204886316640868934, guid: 5097234a820dca242838503cf26fa72c, type: 3}
      propertyPath: m_LocalRotation.w
      value: 0.7071068
      objectReference: {fileID: 0}
    - target: {fileID: 3204886316640868934, guid: 5097234a820dca242838503cf26fa72c, type: 3}
      propertyPath: m_LocalRotation.x
      value: -0.7071068
      objectReference: {fileID: 0}
    - target: {fileID: 3204886316640868934, guid: 5097234a820dca242838503cf26fa72c, type: 3}
      propertyPath: m_LocalRotation.y
      value: -0
      objectReference: {fileID: 0}
    - target: {fileID: 3204886316640868934, guid: 5097234a820dca242838503cf26fa72c, type: 3}
      propertyPath: m_LocalRotation.z
      value: -0
      objectReference: {fileID: 0}
    - target: {fileID: 3204886316640868934, guid: 5097234a820dca242838503cf26fa72c, type: 3}
      propertyPath: m_LocalEulerAnglesHint.x
      value: -90
      objectReference: {fileID: 0}
    - target: {fileID: 3204886316640868934, guid: 5097234a820dca242838503cf26fa72c, type: 3}
      propertyPath: m_LocalEulerAnglesHint.y
      value: 0
      objectReference: {fileID: 0}
    - target: {fileID: 3204886316640868934, guid: 5097234a820dca242838503cf26fa72c, type: 3}
      propertyPath: m_LocalEulerAnglesHint.z
      value: 0
      objectReference: {fileID: 0}
    m_RemovedComponents: []
  m_SourcePrefab: {fileID: 100100000, guid: 5097234a820dca242838503cf26fa72c, type: 3}
--- !u!4 &317761627914237477 stripped
Transform:
  m_CorrespondingSourceObject: {fileID: 3204886316640868934, guid: 5097234a820dca242838503cf26fa72c, type: 3}
  m_PrefabInstance: {fileID: 2887618369818750051}
  m_PrefabAsset: {fileID: 0}
--- !u!1001 &3047546865507209455
PrefabInstance:
  m_ObjectHideFlags: 0
  serializedVersion: 2
  m_Modification:
    m_TransformParent: {fileID: 433297974444254753}
    m_Modifications:
    - target: {fileID: 1910122807768483961, guid: 5097234a820dca242838503cf26fa72c, type: 3}
      propertyPath: m_Name
      value: Room_1x1_Floor (17)
      objectReference: {fileID: 0}
    - target: {fileID: 3204886316640868934, guid: 5097234a820dca242838503cf26fa72c, type: 3}
      propertyPath: m_RootOrder
      value: 17
      objectReference: {fileID: 0}
    - target: {fileID: 3204886316640868934, guid: 5097234a820dca242838503cf26fa72c, type: 3}
      propertyPath: m_LocalPosition.x
      value: 8.004173
      objectReference: {fileID: 0}
    - target: {fileID: 3204886316640868934, guid: 5097234a820dca242838503cf26fa72c, type: 3}
      propertyPath: m_LocalPosition.y
      value: 0
      objectReference: {fileID: 0}
    - target: {fileID: 3204886316640868934, guid: 5097234a820dca242838503cf26fa72c, type: 3}
      propertyPath: m_LocalPosition.z
      value: 0
      objectReference: {fileID: 0}
    - target: {fileID: 3204886316640868934, guid: 5097234a820dca242838503cf26fa72c, type: 3}
      propertyPath: m_LocalRotation.w
      value: 0.7071068
      objectReference: {fileID: 0}
    - target: {fileID: 3204886316640868934, guid: 5097234a820dca242838503cf26fa72c, type: 3}
      propertyPath: m_LocalRotation.x
      value: -0.7071068
      objectReference: {fileID: 0}
    - target: {fileID: 3204886316640868934, guid: 5097234a820dca242838503cf26fa72c, type: 3}
      propertyPath: m_LocalRotation.y
      value: -0
      objectReference: {fileID: 0}
    - target: {fileID: 3204886316640868934, guid: 5097234a820dca242838503cf26fa72c, type: 3}
      propertyPath: m_LocalRotation.z
      value: -0
      objectReference: {fileID: 0}
    - target: {fileID: 3204886316640868934, guid: 5097234a820dca242838503cf26fa72c, type: 3}
      propertyPath: m_LocalEulerAnglesHint.x
      value: -90
      objectReference: {fileID: 0}
    - target: {fileID: 3204886316640868934, guid: 5097234a820dca242838503cf26fa72c, type: 3}
      propertyPath: m_LocalEulerAnglesHint.y
      value: 0
      objectReference: {fileID: 0}
    - target: {fileID: 3204886316640868934, guid: 5097234a820dca242838503cf26fa72c, type: 3}
      propertyPath: m_LocalEulerAnglesHint.z
      value: 0
      objectReference: {fileID: 0}
    m_RemovedComponents: []
  m_SourcePrefab: {fileID: 100100000, guid: 5097234a820dca242838503cf26fa72c, type: 3}
--- !u!4 &446142947789507241 stripped
Transform:
  m_CorrespondingSourceObject: {fileID: 3204886316640868934, guid: 5097234a820dca242838503cf26fa72c, type: 3}
  m_PrefabInstance: {fileID: 3047546865507209455}
  m_PrefabAsset: {fileID: 0}
--- !u!1001 &3370094775454961351
PrefabInstance:
  m_ObjectHideFlags: 0
  serializedVersion: 2
  m_Modification:
    m_TransformParent: {fileID: 433297974444254753}
    m_Modifications:
    - target: {fileID: 1910122807768483961, guid: 5097234a820dca242838503cf26fa72c, type: 3}
      propertyPath: m_Name
      value: Room_1x1_Floor (2)
      objectReference: {fileID: 0}
    - target: {fileID: 3204886316640868934, guid: 5097234a820dca242838503cf26fa72c, type: 3}
      propertyPath: m_RootOrder
      value: 2
      objectReference: {fileID: 0}
    - target: {fileID: 3204886316640868934, guid: 5097234a820dca242838503cf26fa72c, type: 3}
      propertyPath: m_LocalPosition.x
      value: 0
      objectReference: {fileID: 0}
    - target: {fileID: 3204886316640868934, guid: 5097234a820dca242838503cf26fa72c, type: 3}
      propertyPath: m_LocalPosition.y
      value: 0
      objectReference: {fileID: 0}
    - target: {fileID: 3204886316640868934, guid: 5097234a820dca242838503cf26fa72c, type: 3}
      propertyPath: m_LocalPosition.z
      value: 2
      objectReference: {fileID: 0}
    - target: {fileID: 3204886316640868934, guid: 5097234a820dca242838503cf26fa72c, type: 3}
      propertyPath: m_LocalRotation.w
      value: 0.7071068
      objectReference: {fileID: 0}
    - target: {fileID: 3204886316640868934, guid: 5097234a820dca242838503cf26fa72c, type: 3}
      propertyPath: m_LocalRotation.x
      value: -0.7071068
      objectReference: {fileID: 0}
    - target: {fileID: 3204886316640868934, guid: 5097234a820dca242838503cf26fa72c, type: 3}
      propertyPath: m_LocalRotation.y
      value: -0
      objectReference: {fileID: 0}
    - target: {fileID: 3204886316640868934, guid: 5097234a820dca242838503cf26fa72c, type: 3}
      propertyPath: m_LocalRotation.z
      value: -0
      objectReference: {fileID: 0}
    - target: {fileID: 3204886316640868934, guid: 5097234a820dca242838503cf26fa72c, type: 3}
      propertyPath: m_LocalEulerAnglesHint.x
      value: -90
      objectReference: {fileID: 0}
    - target: {fileID: 3204886316640868934, guid: 5097234a820dca242838503cf26fa72c, type: 3}
      propertyPath: m_LocalEulerAnglesHint.y
      value: 0
      objectReference: {fileID: 0}
    - target: {fileID: 3204886316640868934, guid: 5097234a820dca242838503cf26fa72c, type: 3}
      propertyPath: m_LocalEulerAnglesHint.z
      value: 0
      objectReference: {fileID: 0}
    m_RemovedComponents: []
  m_SourcePrefab: {fileID: 100100000, guid: 5097234a820dca242838503cf26fa72c, type: 3}
--- !u!4 &197859626996667521 stripped
Transform:
  m_CorrespondingSourceObject: {fileID: 3204886316640868934, guid: 5097234a820dca242838503cf26fa72c, type: 3}
  m_PrefabInstance: {fileID: 3370094775454961351}
  m_PrefabAsset: {fileID: 0}
--- !u!1001 &3453963641356473665
PrefabInstance:
  m_ObjectHideFlags: 0
  serializedVersion: 2
  m_Modification:
    m_TransformParent: {fileID: 433297974444254753}
    m_Modifications:
    - target: {fileID: 1910122807768483961, guid: 5097234a820dca242838503cf26fa72c, type: 3}
      propertyPath: m_Name
      value: Room_1x1_Floor (23)
      objectReference: {fileID: 0}
    - target: {fileID: 3204886316640868934, guid: 5097234a820dca242838503cf26fa72c, type: 3}
      propertyPath: m_RootOrder
      value: 23
      objectReference: {fileID: 0}
    - target: {fileID: 3204886316640868934, guid: 5097234a820dca242838503cf26fa72c, type: 3}
      propertyPath: m_LocalPosition.x
      value: 10.00522
      objectReference: {fileID: 0}
    - target: {fileID: 3204886316640868934, guid: 5097234a820dca242838503cf26fa72c, type: 3}
      propertyPath: m_LocalPosition.y
      value: 0
      objectReference: {fileID: 0}
    - target: {fileID: 3204886316640868934, guid: 5097234a820dca242838503cf26fa72c, type: 3}
      propertyPath: m_LocalPosition.z
      value: 4.000001
      objectReference: {fileID: 0}
    - target: {fileID: 3204886316640868934, guid: 5097234a820dca242838503cf26fa72c, type: 3}
      propertyPath: m_LocalRotation.w
      value: 0.7071068
      objectReference: {fileID: 0}
    - target: {fileID: 3204886316640868934, guid: 5097234a820dca242838503cf26fa72c, type: 3}
      propertyPath: m_LocalRotation.x
      value: -0.7071068
      objectReference: {fileID: 0}
    - target: {fileID: 3204886316640868934, guid: 5097234a820dca242838503cf26fa72c, type: 3}
      propertyPath: m_LocalRotation.y
      value: -0
      objectReference: {fileID: 0}
    - target: {fileID: 3204886316640868934, guid: 5097234a820dca242838503cf26fa72c, type: 3}
      propertyPath: m_LocalRotation.z
      value: -0
      objectReference: {fileID: 0}
    - target: {fileID: 3204886316640868934, guid: 5097234a820dca242838503cf26fa72c, type: 3}
      propertyPath: m_LocalEulerAnglesHint.x
      value: -90
      objectReference: {fileID: 0}
    - target: {fileID: 3204886316640868934, guid: 5097234a820dca242838503cf26fa72c, type: 3}
      propertyPath: m_LocalEulerAnglesHint.y
      value: 0
      objectReference: {fileID: 0}
    - target: {fileID: 3204886316640868934, guid: 5097234a820dca242838503cf26fa72c, type: 3}
      propertyPath: m_LocalEulerAnglesHint.z
      value: 0
      objectReference: {fileID: 0}
    m_RemovedComponents: []
  m_SourcePrefab: {fileID: 100100000, guid: 5097234a820dca242838503cf26fa72c, type: 3}
--- !u!4 &258106773536853767 stripped
Transform:
  m_CorrespondingSourceObject: {fileID: 3204886316640868934, guid: 5097234a820dca242838503cf26fa72c, type: 3}
  m_PrefabInstance: {fileID: 3453963641356473665}
  m_PrefabAsset: {fileID: 0}
--- !u!1001 &3466329411113203677
PrefabInstance:
  m_ObjectHideFlags: 0
  serializedVersion: 2
  m_Modification:
    m_TransformParent: {fileID: 433297974444254753}
    m_Modifications:
    - target: {fileID: 1910122807768483961, guid: 5097234a820dca242838503cf26fa72c, type: 3}
      propertyPath: m_Name
      value: Room_1x1_Floor (15)
      objectReference: {fileID: 0}
    - target: {fileID: 3204886316640868934, guid: 5097234a820dca242838503cf26fa72c, type: 3}
      propertyPath: m_RootOrder
      value: 14
      objectReference: {fileID: 0}
    - target: {fileID: 3204886316640868934, guid: 5097234a820dca242838503cf26fa72c, type: 3}
      propertyPath: m_LocalPosition.x
      value: 4.002086
      objectReference: {fileID: 0}
    - target: {fileID: 3204886316640868934, guid: 5097234a820dca242838503cf26fa72c, type: 3}
      propertyPath: m_LocalPosition.y
      value: 0
      objectReference: {fileID: 0}
    - target: {fileID: 3204886316640868934, guid: 5097234a820dca242838503cf26fa72c, type: 3}
      propertyPath: m_LocalPosition.z
      value: 0
      objectReference: {fileID: 0}
    - target: {fileID: 3204886316640868934, guid: 5097234a820dca242838503cf26fa72c, type: 3}
      propertyPath: m_LocalRotation.w
      value: 0.7071068
      objectReference: {fileID: 0}
    - target: {fileID: 3204886316640868934, guid: 5097234a820dca242838503cf26fa72c, type: 3}
      propertyPath: m_LocalRotation.x
      value: -0.7071068
      objectReference: {fileID: 0}
    - target: {fileID: 3204886316640868934, guid: 5097234a820dca242838503cf26fa72c, type: 3}
      propertyPath: m_LocalRotation.y
      value: -0
      objectReference: {fileID: 0}
    - target: {fileID: 3204886316640868934, guid: 5097234a820dca242838503cf26fa72c, type: 3}
      propertyPath: m_LocalRotation.z
      value: -0
      objectReference: {fileID: 0}
    - target: {fileID: 3204886316640868934, guid: 5097234a820dca242838503cf26fa72c, type: 3}
      propertyPath: m_LocalEulerAnglesHint.x
      value: -90
      objectReference: {fileID: 0}
    - target: {fileID: 3204886316640868934, guid: 5097234a820dca242838503cf26fa72c, type: 3}
      propertyPath: m_LocalEulerAnglesHint.y
      value: 0
      objectReference: {fileID: 0}
    - target: {fileID: 3204886316640868934, guid: 5097234a820dca242838503cf26fa72c, type: 3}
      propertyPath: m_LocalEulerAnglesHint.z
      value: 0
      objectReference: {fileID: 0}
    m_RemovedComponents: []
  m_SourcePrefab: {fileID: 100100000, guid: 5097234a820dca242838503cf26fa72c, type: 3}
--- !u!4 &2044892771063934363 stripped
Transform:
  m_CorrespondingSourceObject: {fileID: 3204886316640868934, guid: 5097234a820dca242838503cf26fa72c, type: 3}
  m_PrefabInstance: {fileID: 3466329411113203677}
  m_PrefabAsset: {fileID: 0}
--- !u!1001 &3487562703353975678
PrefabInstance:
  m_ObjectHideFlags: 0
  serializedVersion: 2
  m_Modification:
    m_TransformParent: {fileID: 433297974444254753}
    m_Modifications:
    - target: {fileID: 1910122807768483961, guid: 5097234a820dca242838503cf26fa72c, type: 3}
      propertyPath: m_Name
      value: Room_1x1_Floor (10)
      objectReference: {fileID: 0}
    - target: {fileID: 3204886316640868934, guid: 5097234a820dca242838503cf26fa72c, type: 3}
      propertyPath: m_RootOrder
      value: 10
      objectReference: {fileID: 0}
    - target: {fileID: 3204886316640868934, guid: 5097234a820dca242838503cf26fa72c, type: 3}
      propertyPath: m_LocalPosition.x
      value: 4.002086
      objectReference: {fileID: 0}
    - target: {fileID: 3204886316640868934, guid: 5097234a820dca242838503cf26fa72c, type: 3}
      propertyPath: m_LocalPosition.y
      value: 0
      objectReference: {fileID: 0}
    - target: {fileID: 3204886316640868934, guid: 5097234a820dca242838503cf26fa72c, type: 3}
      propertyPath: m_LocalPosition.z
      value: -2
      objectReference: {fileID: 0}
    - target: {fileID: 3204886316640868934, guid: 5097234a820dca242838503cf26fa72c, type: 3}
      propertyPath: m_LocalRotation.w
      value: 0.7071068
      objectReference: {fileID: 0}
    - target: {fileID: 3204886316640868934, guid: 5097234a820dca242838503cf26fa72c, type: 3}
      propertyPath: m_LocalRotation.x
      value: -0.7071068
      objectReference: {fileID: 0}
    - target: {fileID: 3204886316640868934, guid: 5097234a820dca242838503cf26fa72c, type: 3}
      propertyPath: m_LocalRotation.y
      value: -0
      objectReference: {fileID: 0}
    - target: {fileID: 3204886316640868934, guid: 5097234a820dca242838503cf26fa72c, type: 3}
      propertyPath: m_LocalRotation.z
      value: -0
      objectReference: {fileID: 0}
    - target: {fileID: 3204886316640868934, guid: 5097234a820dca242838503cf26fa72c, type: 3}
      propertyPath: m_LocalEulerAnglesHint.x
      value: -90
      objectReference: {fileID: 0}
    - target: {fileID: 3204886316640868934, guid: 5097234a820dca242838503cf26fa72c, type: 3}
      propertyPath: m_LocalEulerAnglesHint.y
      value: 0
      objectReference: {fileID: 0}
    - target: {fileID: 3204886316640868934, guid: 5097234a820dca242838503cf26fa72c, type: 3}
      propertyPath: m_LocalEulerAnglesHint.z
      value: 0
      objectReference: {fileID: 0}
    m_RemovedComponents: []
  m_SourcePrefab: {fileID: 100100000, guid: 5097234a820dca242838503cf26fa72c, type: 3}
--- !u!4 &2025569605198743864 stripped
Transform:
  m_CorrespondingSourceObject: {fileID: 3204886316640868934, guid: 5097234a820dca242838503cf26fa72c, type: 3}
  m_PrefabInstance: {fileID: 3487562703353975678}
  m_PrefabAsset: {fileID: 0}
--- !u!1001 &4038254634264029235
PrefabInstance:
  m_ObjectHideFlags: 0
  serializedVersion: 2
  m_Modification:
    m_TransformParent: {fileID: 433297974444254753}
    m_Modifications:
    - target: {fileID: 1910122807768483961, guid: 5097234a820dca242838503cf26fa72c, type: 3}
      propertyPath: m_Name
      value: Room_1x1_Floor (5)
      objectReference: {fileID: 0}
    - target: {fileID: 3204886316640868934, guid: 5097234a820dca242838503cf26fa72c, type: 3}
      propertyPath: m_RootOrder
      value: 5
      objectReference: {fileID: 0}
    - target: {fileID: 3204886316640868934, guid: 5097234a820dca242838503cf26fa72c, type: 3}
      propertyPath: m_LocalPosition.x
      value: 4.0020876
      objectReference: {fileID: 0}
    - target: {fileID: 3204886316640868934, guid: 5097234a820dca242838503cf26fa72c, type: 3}
      propertyPath: m_LocalPosition.y
      value: 0
      objectReference: {fileID: 0}
    - target: {fileID: 3204886316640868934, guid: 5097234a820dca242838503cf26fa72c, type: 3}
      propertyPath: m_LocalPosition.z
      value: 4
      objectReference: {fileID: 0}
    - target: {fileID: 3204886316640868934, guid: 5097234a820dca242838503cf26fa72c, type: 3}
      propertyPath: m_LocalRotation.w
      value: 0.7071068
      objectReference: {fileID: 0}
    - target: {fileID: 3204886316640868934, guid: 5097234a820dca242838503cf26fa72c, type: 3}
      propertyPath: m_LocalRotation.x
      value: -0.7071068
      objectReference: {fileID: 0}
    - target: {fileID: 3204886316640868934, guid: 5097234a820dca242838503cf26fa72c, type: 3}
      propertyPath: m_LocalRotation.y
      value: -0
      objectReference: {fileID: 0}
    - target: {fileID: 3204886316640868934, guid: 5097234a820dca242838503cf26fa72c, type: 3}
      propertyPath: m_LocalRotation.z
      value: -0
      objectReference: {fileID: 0}
    - target: {fileID: 3204886316640868934, guid: 5097234a820dca242838503cf26fa72c, type: 3}
      propertyPath: m_LocalEulerAnglesHint.x
      value: -90
      objectReference: {fileID: 0}
    - target: {fileID: 3204886316640868934, guid: 5097234a820dca242838503cf26fa72c, type: 3}
      propertyPath: m_LocalEulerAnglesHint.y
      value: 0
      objectReference: {fileID: 0}
    - target: {fileID: 3204886316640868934, guid: 5097234a820dca242838503cf26fa72c, type: 3}
      propertyPath: m_LocalEulerAnglesHint.z
      value: 0
      objectReference: {fileID: 0}
    m_RemovedComponents: []
  m_SourcePrefab: {fileID: 100100000, guid: 5097234a820dca242838503cf26fa72c, type: 3}
--- !u!4 &1472897179302654581 stripped
Transform:
  m_CorrespondingSourceObject: {fileID: 3204886316640868934, guid: 5097234a820dca242838503cf26fa72c, type: 3}
  m_PrefabInstance: {fileID: 4038254634264029235}
  m_PrefabAsset: {fileID: 0}
--- !u!1001 &4256550123909683460
PrefabInstance:
  m_ObjectHideFlags: 0
  serializedVersion: 2
  m_Modification:
    m_TransformParent: {fileID: 433297974444254753}
    m_Modifications:
    - target: {fileID: 1910122807768483961, guid: 5097234a820dca242838503cf26fa72c, type: 3}
      propertyPath: m_Name
      value: Room_1x1_Floor (14)
      objectReference: {fileID: 0}
    - target: {fileID: 3204886316640868934, guid: 5097234a820dca242838503cf26fa72c, type: 3}
      propertyPath: m_RootOrder
      value: 15
      objectReference: {fileID: 0}
    - target: {fileID: 3204886316640868934, guid: 5097234a820dca242838503cf26fa72c, type: 3}
      propertyPath: m_LocalPosition.x
      value: 2.0010443
      objectReference: {fileID: 0}
    - target: {fileID: 3204886316640868934, guid: 5097234a820dca242838503cf26fa72c, type: 3}
      propertyPath: m_LocalPosition.y
      value: 0
      objectReference: {fileID: 0}
    - target: {fileID: 3204886316640868934, guid: 5097234a820dca242838503cf26fa72c, type: 3}
      propertyPath: m_LocalPosition.z
      value: 2
      objectReference: {fileID: 0}
    - target: {fileID: 3204886316640868934, guid: 5097234a820dca242838503cf26fa72c, type: 3}
      propertyPath: m_LocalRotation.w
      value: 0.7071068
      objectReference: {fileID: 0}
    - target: {fileID: 3204886316640868934, guid: 5097234a820dca242838503cf26fa72c, type: 3}
      propertyPath: m_LocalRotation.x
      value: -0.7071068
      objectReference: {fileID: 0}
    - target: {fileID: 3204886316640868934, guid: 5097234a820dca242838503cf26fa72c, type: 3}
      propertyPath: m_LocalRotation.y
      value: -0
      objectReference: {fileID: 0}
    - target: {fileID: 3204886316640868934, guid: 5097234a820dca242838503cf26fa72c, type: 3}
      propertyPath: m_LocalRotation.z
      value: -0
      objectReference: {fileID: 0}
    - target: {fileID: 3204886316640868934, guid: 5097234a820dca242838503cf26fa72c, type: 3}
      propertyPath: m_LocalEulerAnglesHint.x
      value: -90
      objectReference: {fileID: 0}
    - target: {fileID: 3204886316640868934, guid: 5097234a820dca242838503cf26fa72c, type: 3}
      propertyPath: m_LocalEulerAnglesHint.y
      value: 0
      objectReference: {fileID: 0}
    - target: {fileID: 3204886316640868934, guid: 5097234a820dca242838503cf26fa72c, type: 3}
      propertyPath: m_LocalEulerAnglesHint.z
      value: 0
      objectReference: {fileID: 0}
    m_RemovedComponents: []
  m_SourcePrefab: {fileID: 100100000, guid: 5097234a820dca242838503cf26fa72c, type: 3}
--- !u!4 &1686675949290750786 stripped
Transform:
  m_CorrespondingSourceObject: {fileID: 3204886316640868934, guid: 5097234a820dca242838503cf26fa72c, type: 3}
  m_PrefabInstance: {fileID: 4256550123909683460}
  m_PrefabAsset: {fileID: 0}
--- !u!1001 &4656237638408335393
PrefabInstance:
  m_ObjectHideFlags: 0
  serializedVersion: 2
  m_Modification:
    m_TransformParent: {fileID: 433297974444254753}
    m_Modifications:
    - target: {fileID: 1910122807768483961, guid: 5097234a820dca242838503cf26fa72c, type: 3}
      propertyPath: m_Name
      value: Room_1x1_Floor (26)
      objectReference: {fileID: 0}
    - target: {fileID: 3204886316640868934, guid: 5097234a820dca242838503cf26fa72c, type: 3}
      propertyPath: m_RootOrder
      value: 26
      objectReference: {fileID: 0}
    - target: {fileID: 3204886316640868934, guid: 5097234a820dca242838503cf26fa72c, type: 3}
      propertyPath: m_LocalPosition.x
      value: 4.0020866
      objectReference: {fileID: 0}
    - target: {fileID: 3204886316640868934, guid: 5097234a820dca242838503cf26fa72c, type: 3}
      propertyPath: m_LocalPosition.y
      value: 0.0000010728836
      objectReference: {fileID: 0}
    - target: {fileID: 3204886316640868934, guid: 5097234a820dca242838503cf26fa72c, type: 3}
      propertyPath: m_LocalPosition.z
      value: 5.999996
      objectReference: {fileID: 0}
    - target: {fileID: 3204886316640868934, guid: 5097234a820dca242838503cf26fa72c, type: 3}
      propertyPath: m_LocalRotation.w
      value: 0.7071068
      objectReference: {fileID: 0}
    - target: {fileID: 3204886316640868934, guid: 5097234a820dca242838503cf26fa72c, type: 3}
      propertyPath: m_LocalRotation.x
      value: -0.7071068
      objectReference: {fileID: 0}
    - target: {fileID: 3204886316640868934, guid: 5097234a820dca242838503cf26fa72c, type: 3}
      propertyPath: m_LocalRotation.y
      value: -0
      objectReference: {fileID: 0}
    - target: {fileID: 3204886316640868934, guid: 5097234a820dca242838503cf26fa72c, type: 3}
      propertyPath: m_LocalRotation.z
      value: -0
      objectReference: {fileID: 0}
    - target: {fileID: 3204886316640868934, guid: 5097234a820dca242838503cf26fa72c, type: 3}
      propertyPath: m_LocalEulerAnglesHint.x
      value: -90
      objectReference: {fileID: 0}
    - target: {fileID: 3204886316640868934, guid: 5097234a820dca242838503cf26fa72c, type: 3}
      propertyPath: m_LocalEulerAnglesHint.y
      value: 0
      objectReference: {fileID: 0}
    - target: {fileID: 3204886316640868934, guid: 5097234a820dca242838503cf26fa72c, type: 3}
      propertyPath: m_LocalEulerAnglesHint.z
      value: 0
      objectReference: {fileID: 0}
    m_RemovedComponents: []
  m_SourcePrefab: {fileID: 100100000, guid: 5097234a820dca242838503cf26fa72c, type: 3}
--- !u!4 &7846480467523168871 stripped
Transform:
  m_CorrespondingSourceObject: {fileID: 3204886316640868934, guid: 5097234a820dca242838503cf26fa72c, type: 3}
  m_PrefabInstance: {fileID: 4656237638408335393}
  m_PrefabAsset: {fileID: 0}
--- !u!1001 &4803850822417520875
PrefabInstance:
  m_ObjectHideFlags: 0
  serializedVersion: 2
  m_Modification:
    m_TransformParent: {fileID: 433297974444254753}
    m_Modifications:
    - target: {fileID: 1910122807768483961, guid: 5097234a820dca242838503cf26fa72c, type: 3}
      propertyPath: m_Name
      value: Room_1x1_Floor (18)
      objectReference: {fileID: 0}
    - target: {fileID: 3204886316640868934, guid: 5097234a820dca242838503cf26fa72c, type: 3}
      propertyPath: m_RootOrder
      value: 18
      objectReference: {fileID: 0}
    - target: {fileID: 3204886316640868934, guid: 5097234a820dca242838503cf26fa72c, type: 3}
      propertyPath: m_LocalPosition.x
      value: 8.004173
      objectReference: {fileID: 0}
    - target: {fileID: 3204886316640868934, guid: 5097234a820dca242838503cf26fa72c, type: 3}
      propertyPath: m_LocalPosition.y
      value: 0
      objectReference: {fileID: 0}
    - target: {fileID: 3204886316640868934, guid: 5097234a820dca242838503cf26fa72c, type: 3}
      propertyPath: m_LocalPosition.z
      value: 2
      objectReference: {fileID: 0}
    - target: {fileID: 3204886316640868934, guid: 5097234a820dca242838503cf26fa72c, type: 3}
      propertyPath: m_LocalRotation.w
      value: 0.7071068
      objectReference: {fileID: 0}
    - target: {fileID: 3204886316640868934, guid: 5097234a820dca242838503cf26fa72c, type: 3}
      propertyPath: m_LocalRotation.x
      value: -0.7071068
      objectReference: {fileID: 0}
    - target: {fileID: 3204886316640868934, guid: 5097234a820dca242838503cf26fa72c, type: 3}
      propertyPath: m_LocalRotation.y
      value: -0
      objectReference: {fileID: 0}
    - target: {fileID: 3204886316640868934, guid: 5097234a820dca242838503cf26fa72c, type: 3}
      propertyPath: m_LocalRotation.z
      value: -0
      objectReference: {fileID: 0}
    - target: {fileID: 3204886316640868934, guid: 5097234a820dca242838503cf26fa72c, type: 3}
      propertyPath: m_LocalEulerAnglesHint.x
      value: -90
      objectReference: {fileID: 0}
    - target: {fileID: 3204886316640868934, guid: 5097234a820dca242838503cf26fa72c, type: 3}
      propertyPath: m_LocalEulerAnglesHint.y
      value: 0
      objectReference: {fileID: 0}
    - target: {fileID: 3204886316640868934, guid: 5097234a820dca242838503cf26fa72c, type: 3}
      propertyPath: m_LocalEulerAnglesHint.z
      value: 0
      objectReference: {fileID: 0}
    m_RemovedComponents: []
  m_SourcePrefab: {fileID: 100100000, guid: 5097234a820dca242838503cf26fa72c, type: 3}
--- !u!4 &7985092974722253485 stripped
Transform:
  m_CorrespondingSourceObject: {fileID: 3204886316640868934, guid: 5097234a820dca242838503cf26fa72c, type: 3}
  m_PrefabInstance: {fileID: 4803850822417520875}
  m_PrefabAsset: {fileID: 0}
--- !u!1001 &5796418309386080296
PrefabInstance:
  m_ObjectHideFlags: 0
  serializedVersion: 2
  m_Modification:
    m_TransformParent: {fileID: 433297974444254753}
    m_Modifications:
    - target: {fileID: 1910122807768483961, guid: 5097234a820dca242838503cf26fa72c, type: 3}
      propertyPath: m_Name
      value: Room_1x1_Floor (4)
      objectReference: {fileID: 0}
    - target: {fileID: 3204886316640868934, guid: 5097234a820dca242838503cf26fa72c, type: 3}
      propertyPath: m_RootOrder
      value: 4
      objectReference: {fileID: 0}
    - target: {fileID: 3204886316640868934, guid: 5097234a820dca242838503cf26fa72c, type: 3}
      propertyPath: m_LocalPosition.x
      value: 2.0010438
      objectReference: {fileID: 0}
    - target: {fileID: 3204886316640868934, guid: 5097234a820dca242838503cf26fa72c, type: 3}
      propertyPath: m_LocalPosition.y
      value: 0
      objectReference: {fileID: 0}
    - target: {fileID: 3204886316640868934, guid: 5097234a820dca242838503cf26fa72c, type: 3}
      propertyPath: m_LocalPosition.z
      value: 4
      objectReference: {fileID: 0}
    - target: {fileID: 3204886316640868934, guid: 5097234a820dca242838503cf26fa72c, type: 3}
      propertyPath: m_LocalRotation.w
      value: 0.7071068
      objectReference: {fileID: 0}
    - target: {fileID: 3204886316640868934, guid: 5097234a820dca242838503cf26fa72c, type: 3}
      propertyPath: m_LocalRotation.x
      value: -0.7071068
      objectReference: {fileID: 0}
    - target: {fileID: 3204886316640868934, guid: 5097234a820dca242838503cf26fa72c, type: 3}
      propertyPath: m_LocalRotation.y
      value: -0
      objectReference: {fileID: 0}
    - target: {fileID: 3204886316640868934, guid: 5097234a820dca242838503cf26fa72c, type: 3}
      propertyPath: m_LocalRotation.z
      value: -0
      objectReference: {fileID: 0}
    - target: {fileID: 3204886316640868934, guid: 5097234a820dca242838503cf26fa72c, type: 3}
      propertyPath: m_LocalEulerAnglesHint.x
      value: -90
      objectReference: {fileID: 0}
    - target: {fileID: 3204886316640868934, guid: 5097234a820dca242838503cf26fa72c, type: 3}
      propertyPath: m_LocalEulerAnglesHint.y
      value: 0
      objectReference: {fileID: 0}
    - target: {fileID: 3204886316640868934, guid: 5097234a820dca242838503cf26fa72c, type: 3}
      propertyPath: m_LocalEulerAnglesHint.z
      value: 0
      objectReference: {fileID: 0}
    m_RemovedComponents: []
  m_SourcePrefab: {fileID: 100100000, guid: 5097234a820dca242838503cf26fa72c, type: 3}
--- !u!4 &8938247378069391982 stripped
Transform:
  m_CorrespondingSourceObject: {fileID: 3204886316640868934, guid: 5097234a820dca242838503cf26fa72c, type: 3}
  m_PrefabInstance: {fileID: 5796418309386080296}
  m_PrefabAsset: {fileID: 0}
--- !u!1001 &7100318448700697252
PrefabInstance:
  m_ObjectHideFlags: 0
  serializedVersion: 2
  m_Modification:
    m_TransformParent: {fileID: 433297974444254753}
    m_Modifications:
    - target: {fileID: 1910122807768483961, guid: 5097234a820dca242838503cf26fa72c, type: 3}
      propertyPath: m_Name
      value: Room_1x1_Floor (31)
      objectReference: {fileID: 0}
    - target: {fileID: 3204886316640868934, guid: 5097234a820dca242838503cf26fa72c, type: 3}
      propertyPath: m_RootOrder
      value: 31
      objectReference: {fileID: 0}
    - target: {fileID: 3204886316640868934, guid: 5097234a820dca242838503cf26fa72c, type: 3}
      propertyPath: m_LocalPosition.x
      value: 12.006266
      objectReference: {fileID: 0}
    - target: {fileID: 3204886316640868934, guid: 5097234a820dca242838503cf26fa72c, type: 3}
      propertyPath: m_LocalPosition.y
      value: 0
      objectReference: {fileID: 0}
    - target: {fileID: 3204886316640868934, guid: 5097234a820dca242838503cf26fa72c, type: 3}
      propertyPath: m_LocalPosition.z
      value: 0.0000009536743
      objectReference: {fileID: 0}
    - target: {fileID: 3204886316640868934, guid: 5097234a820dca242838503cf26fa72c, type: 3}
      propertyPath: m_LocalRotation.w
      value: 0.7071068
      objectReference: {fileID: 0}
    - target: {fileID: 3204886316640868934, guid: 5097234a820dca242838503cf26fa72c, type: 3}
      propertyPath: m_LocalRotation.x
      value: -0.7071068
      objectReference: {fileID: 0}
    - target: {fileID: 3204886316640868934, guid: 5097234a820dca242838503cf26fa72c, type: 3}
      propertyPath: m_LocalRotation.y
      value: -0
      objectReference: {fileID: 0}
    - target: {fileID: 3204886316640868934, guid: 5097234a820dca242838503cf26fa72c, type: 3}
      propertyPath: m_LocalRotation.z
      value: -0
      objectReference: {fileID: 0}
    - target: {fileID: 3204886316640868934, guid: 5097234a820dca242838503cf26fa72c, type: 3}
      propertyPath: m_LocalEulerAnglesHint.x
      value: -90
      objectReference: {fileID: 0}
    - target: {fileID: 3204886316640868934, guid: 5097234a820dca242838503cf26fa72c, type: 3}
      propertyPath: m_LocalEulerAnglesHint.y
      value: 0
      objectReference: {fileID: 0}
    - target: {fileID: 3204886316640868934, guid: 5097234a820dca242838503cf26fa72c, type: 3}
      propertyPath: m_LocalEulerAnglesHint.z
      value: 0
      objectReference: {fileID: 0}
    m_RemovedComponents: []
  m_SourcePrefab: {fileID: 100100000, guid: 5097234a820dca242838503cf26fa72c, type: 3}
--- !u!4 &5689010727735963874 stripped
Transform:
  m_CorrespondingSourceObject: {fileID: 3204886316640868934, guid: 5097234a820dca242838503cf26fa72c, type: 3}
  m_PrefabInstance: {fileID: 7100318448700697252}
  m_PrefabAsset: {fileID: 0}
--- !u!1001 &7285935246079227500
PrefabInstance:
  m_ObjectHideFlags: 0
  serializedVersion: 2
  m_Modification:
    m_TransformParent: {fileID: 433297974444254753}
    m_Modifications:
    - target: {fileID: 1910122807768483961, guid: 5097234a820dca242838503cf26fa72c, type: 3}
      propertyPath: m_Name
      value: Room_1x1_Floor (28)
      objectReference: {fileID: 0}
    - target: {fileID: 3204886316640868934, guid: 5097234a820dca242838503cf26fa72c, type: 3}
      propertyPath: m_RootOrder
      value: 28
      objectReference: {fileID: 0}
    - target: {fileID: 3204886316640868934, guid: 5097234a820dca242838503cf26fa72c, type: 3}
      propertyPath: m_LocalPosition.x
      value: 8.004172
      objectReference: {fileID: 0}
    - target: {fileID: 3204886316640868934, guid: 5097234a820dca242838503cf26fa72c, type: 3}
      propertyPath: m_LocalPosition.y
      value: 0.0000010728836
      objectReference: {fileID: 0}
    - target: {fileID: 3204886316640868934, guid: 5097234a820dca242838503cf26fa72c, type: 3}
      propertyPath: m_LocalPosition.z
      value: 5.999996
      objectReference: {fileID: 0}
    - target: {fileID: 3204886316640868934, guid: 5097234a820dca242838503cf26fa72c, type: 3}
      propertyPath: m_LocalRotation.w
      value: 0.7071068
      objectReference: {fileID: 0}
    - target: {fileID: 3204886316640868934, guid: 5097234a820dca242838503cf26fa72c, type: 3}
      propertyPath: m_LocalRotation.x
      value: -0.7071068
      objectReference: {fileID: 0}
    - target: {fileID: 3204886316640868934, guid: 5097234a820dca242838503cf26fa72c, type: 3}
      propertyPath: m_LocalRotation.y
      value: -0
      objectReference: {fileID: 0}
    - target: {fileID: 3204886316640868934, guid: 5097234a820dca242838503cf26fa72c, type: 3}
      propertyPath: m_LocalRotation.z
      value: -0
      objectReference: {fileID: 0}
    - target: {fileID: 3204886316640868934, guid: 5097234a820dca242838503cf26fa72c, type: 3}
      propertyPath: m_LocalEulerAnglesHint.x
      value: -90
      objectReference: {fileID: 0}
    - target: {fileID: 3204886316640868934, guid: 5097234a820dca242838503cf26fa72c, type: 3}
      propertyPath: m_LocalEulerAnglesHint.y
      value: 0
      objectReference: {fileID: 0}
    - target: {fileID: 3204886316640868934, guid: 5097234a820dca242838503cf26fa72c, type: 3}
      propertyPath: m_LocalEulerAnglesHint.z
      value: 0
      objectReference: {fileID: 0}
    m_RemovedComponents: []
  m_SourcePrefab: {fileID: 100100000, guid: 5097234a820dca242838503cf26fa72c, type: 3}
--- !u!4 &5289157387984268330 stripped
Transform:
  m_CorrespondingSourceObject: {fileID: 3204886316640868934, guid: 5097234a820dca242838503cf26fa72c, type: 3}
  m_PrefabInstance: {fileID: 7285935246079227500}
  m_PrefabAsset: {fileID: 0}
--- !u!1001 &8125650899085996850
PrefabInstance:
  m_ObjectHideFlags: 0
  serializedVersion: 2
  m_Modification:
    m_TransformParent: {fileID: 433297974444254753}
    m_Modifications:
    - target: {fileID: 1910122807768483961, guid: 5097234a820dca242838503cf26fa72c, type: 3}
      propertyPath: m_Name
      value: Room_1x1_Floor (22)
      objectReference: {fileID: 0}
    - target: {fileID: 3204886316640868934, guid: 5097234a820dca242838503cf26fa72c, type: 3}
      propertyPath: m_RootOrder
      value: 22
      objectReference: {fileID: 0}
    - target: {fileID: 3204886316640868934, guid: 5097234a820dca242838503cf26fa72c, type: 3}
      propertyPath: m_LocalPosition.x
      value: 10.00522
      objectReference: {fileID: 0}
    - target: {fileID: 3204886316640868934, guid: 5097234a820dca242838503cf26fa72c, type: 3}
      propertyPath: m_LocalPosition.y
      value: -0.00000023841858
      objectReference: {fileID: 0}
    - target: {fileID: 3204886316640868934, guid: 5097234a820dca242838503cf26fa72c, type: 3}
      propertyPath: m_LocalPosition.z
      value: 2
      objectReference: {fileID: 0}
    - target: {fileID: 3204886316640868934, guid: 5097234a820dca242838503cf26fa72c, type: 3}
      propertyPath: m_LocalRotation.w
      value: 0.7071068
      objectReference: {fileID: 0}
    - target: {fileID: 3204886316640868934, guid: 5097234a820dca242838503cf26fa72c, type: 3}
      propertyPath: m_LocalRotation.x
      value: -0.7071068
      objectReference: {fileID: 0}
    - target: {fileID: 3204886316640868934, guid: 5097234a820dca242838503cf26fa72c, type: 3}
      propertyPath: m_LocalRotation.y
      value: -0
      objectReference: {fileID: 0}
    - target: {fileID: 3204886316640868934, guid: 5097234a820dca242838503cf26fa72c, type: 3}
      propertyPath: m_LocalRotation.z
      value: -0
      objectReference: {fileID: 0}
    - target: {fileID: 3204886316640868934, guid: 5097234a820dca242838503cf26fa72c, type: 3}
      propertyPath: m_LocalEulerAnglesHint.x
      value: -90
      objectReference: {fileID: 0}
    - target: {fileID: 3204886316640868934, guid: 5097234a820dca242838503cf26fa72c, type: 3}
      propertyPath: m_LocalEulerAnglesHint.y
      value: 0
      objectReference: {fileID: 0}
    - target: {fileID: 3204886316640868934, guid: 5097234a820dca242838503cf26fa72c, type: 3}
      propertyPath: m_LocalEulerAnglesHint.z
      value: 0
      objectReference: {fileID: 0}
    m_RemovedComponents: []
  m_SourcePrefab: {fileID: 100100000, guid: 5097234a820dca242838503cf26fa72c, type: 3}
--- !u!4 &6682804662576949620 stripped
Transform:
  m_CorrespondingSourceObject: {fileID: 3204886316640868934, guid: 5097234a820dca242838503cf26fa72c, type: 3}
  m_PrefabInstance: {fileID: 8125650899085996850}
  m_PrefabAsset: {fileID: 0}
--- !u!1001 &8342954458609349025
PrefabInstance:
  m_ObjectHideFlags: 0
  serializedVersion: 2
  m_Modification:
    m_TransformParent: {fileID: 433297974444254753}
    m_Modifications:
    - target: {fileID: 1910122807768483961, guid: 5097234a820dca242838503cf26fa72c, type: 3}
      propertyPath: m_Name
      value: Room_1x1_Floor (33)
      objectReference: {fileID: 0}
    - target: {fileID: 3204886316640868934, guid: 5097234a820dca242838503cf26fa72c, type: 3}
      propertyPath: m_RootOrder
      value: 33
      objectReference: {fileID: 0}
    - target: {fileID: 3204886316640868934, guid: 5097234a820dca242838503cf26fa72c, type: 3}
      propertyPath: m_LocalPosition.x
      value: 12.006265
      objectReference: {fileID: 0}
    - target: {fileID: 3204886316640868934, guid: 5097234a820dca242838503cf26fa72c, type: 3}
      propertyPath: m_LocalPosition.y
      value: 0
      objectReference: {fileID: 0}
    - target: {fileID: 3204886316640868934, guid: 5097234a820dca242838503cf26fa72c, type: 3}
      propertyPath: m_LocalPosition.z
      value: 4.000001
      objectReference: {fileID: 0}
    - target: {fileID: 3204886316640868934, guid: 5097234a820dca242838503cf26fa72c, type: 3}
      propertyPath: m_LocalRotation.w
      value: 0.7071068
      objectReference: {fileID: 0}
    - target: {fileID: 3204886316640868934, guid: 5097234a820dca242838503cf26fa72c, type: 3}
      propertyPath: m_LocalRotation.x
      value: -0.7071068
      objectReference: {fileID: 0}
    - target: {fileID: 3204886316640868934, guid: 5097234a820dca242838503cf26fa72c, type: 3}
      propertyPath: m_LocalRotation.y
      value: -0
      objectReference: {fileID: 0}
    - target: {fileID: 3204886316640868934, guid: 5097234a820dca242838503cf26fa72c, type: 3}
      propertyPath: m_LocalRotation.z
      value: -0
      objectReference: {fileID: 0}
    - target: {fileID: 3204886316640868934, guid: 5097234a820dca242838503cf26fa72c, type: 3}
      propertyPath: m_LocalEulerAnglesHint.x
      value: -90
      objectReference: {fileID: 0}
    - target: {fileID: 3204886316640868934, guid: 5097234a820dca242838503cf26fa72c, type: 3}
      propertyPath: m_LocalEulerAnglesHint.y
      value: 0
      objectReference: {fileID: 0}
    - target: {fileID: 3204886316640868934, guid: 5097234a820dca242838503cf26fa72c, type: 3}
      propertyPath: m_LocalEulerAnglesHint.z
      value: 0
      objectReference: {fileID: 0}
    m_RemovedComponents: []
  m_SourcePrefab: {fileID: 100100000, guid: 5097234a820dca242838503cf26fa72c, type: 3}
--- !u!4 &6895622355323218919 stripped
Transform:
  m_CorrespondingSourceObject: {fileID: 3204886316640868934, guid: 5097234a820dca242838503cf26fa72c, type: 3}
  m_PrefabInstance: {fileID: 8342954458609349025}
  m_PrefabAsset: {fileID: 0}
--- !u!1001 &8396922316020861092
PrefabInstance:
  m_ObjectHideFlags: 0
  serializedVersion: 2
  m_Modification:
    m_TransformParent: {fileID: 433297974444254753}
    m_Modifications:
    - target: {fileID: 1910122807768483961, guid: 5097234a820dca242838503cf26fa72c, type: 3}
      propertyPath: m_Name
      value: Room_1x1_Floor (20)
      objectReference: {fileID: 0}
    - target: {fileID: 3204886316640868934, guid: 5097234a820dca242838503cf26fa72c, type: 3}
      propertyPath: m_RootOrder
      value: 20
      objectReference: {fileID: 0}
    - target: {fileID: 3204886316640868934, guid: 5097234a820dca242838503cf26fa72c, type: 3}
      propertyPath: m_LocalPosition.x
      value: 10.00522
      objectReference: {fileID: 0}
    - target: {fileID: 3204886316640868934, guid: 5097234a820dca242838503cf26fa72c, type: 3}
      propertyPath: m_LocalPosition.y
      value: -0.00000023841858
      objectReference: {fileID: 0}
    - target: {fileID: 3204886316640868934, guid: 5097234a820dca242838503cf26fa72c, type: 3}
      propertyPath: m_LocalPosition.z
      value: -2
      objectReference: {fileID: 0}
    - target: {fileID: 3204886316640868934, guid: 5097234a820dca242838503cf26fa72c, type: 3}
      propertyPath: m_LocalRotation.w
      value: 0.7071068
      objectReference: {fileID: 0}
    - target: {fileID: 3204886316640868934, guid: 5097234a820dca242838503cf26fa72c, type: 3}
      propertyPath: m_LocalRotation.x
      value: -0.7071068
      objectReference: {fileID: 0}
    - target: {fileID: 3204886316640868934, guid: 5097234a820dca242838503cf26fa72c, type: 3}
      propertyPath: m_LocalRotation.y
      value: -0
      objectReference: {fileID: 0}
    - target: {fileID: 3204886316640868934, guid: 5097234a820dca242838503cf26fa72c, type: 3}
      propertyPath: m_LocalRotation.z
      value: -0
      objectReference: {fileID: 0}
    - target: {fileID: 3204886316640868934, guid: 5097234a820dca242838503cf26fa72c, type: 3}
      propertyPath: m_LocalEulerAnglesHint.x
      value: -90
      objectReference: {fileID: 0}
    - target: {fileID: 3204886316640868934, guid: 5097234a820dca242838503cf26fa72c, type: 3}
      propertyPath: m_LocalEulerAnglesHint.y
      value: 0
      objectReference: {fileID: 0}
    - target: {fileID: 3204886316640868934, guid: 5097234a820dca242838503cf26fa72c, type: 3}
      propertyPath: m_LocalEulerAnglesHint.z
      value: 0
      objectReference: {fileID: 0}
    m_RemovedComponents: []
  m_SourcePrefab: {fileID: 100100000, guid: 5097234a820dca242838503cf26fa72c, type: 3}
--- !u!4 &6412518133585335010 stripped
Transform:
  m_CorrespondingSourceObject: {fileID: 3204886316640868934, guid: 5097234a820dca242838503cf26fa72c, type: 3}
  m_PrefabInstance: {fileID: 8396922316020861092}
  m_PrefabAsset: {fileID: 0}
--- !u!1001 &8446622294501264140
PrefabInstance:
  m_ObjectHideFlags: 0
  serializedVersion: 2
  m_Modification:
    m_TransformParent: {fileID: 433297974444254753}
    m_Modifications:
    - target: {fileID: 1910122807768483961, guid: 5097234a820dca242838503cf26fa72c, type: 3}
      propertyPath: m_Name
      value: Room_1x1_Floor (6)
      objectReference: {fileID: 0}
    - target: {fileID: 3204886316640868934, guid: 5097234a820dca242838503cf26fa72c, type: 3}
      propertyPath: m_RootOrder
      value: 6
      objectReference: {fileID: 0}
    - target: {fileID: 3204886316640868934, guid: 5097234a820dca242838503cf26fa72c, type: 3}
      propertyPath: m_LocalPosition.x
      value: 6.0031314
      objectReference: {fileID: 0}
    - target: {fileID: 3204886316640868934, guid: 5097234a820dca242838503cf26fa72c, type: 3}
      propertyPath: m_LocalPosition.y
      value: 0
      objectReference: {fileID: 0}
    - target: {fileID: 3204886316640868934, guid: 5097234a820dca242838503cf26fa72c, type: 3}
      propertyPath: m_LocalPosition.z
      value: 4
      objectReference: {fileID: 0}
    - target: {fileID: 3204886316640868934, guid: 5097234a820dca242838503cf26fa72c, type: 3}
      propertyPath: m_LocalRotation.w
      value: 0.7071068
      objectReference: {fileID: 0}
    - target: {fileID: 3204886316640868934, guid: 5097234a820dca242838503cf26fa72c, type: 3}
      propertyPath: m_LocalRotation.x
      value: -0.7071068
      objectReference: {fileID: 0}
    - target: {fileID: 3204886316640868934, guid: 5097234a820dca242838503cf26fa72c, type: 3}
      propertyPath: m_LocalRotation.y
      value: -0
      objectReference: {fileID: 0}
    - target: {fileID: 3204886316640868934, guid: 5097234a820dca242838503cf26fa72c, type: 3}
      propertyPath: m_LocalRotation.z
      value: -0
      objectReference: {fileID: 0}
    - target: {fileID: 3204886316640868934, guid: 5097234a820dca242838503cf26fa72c, type: 3}
      propertyPath: m_LocalEulerAnglesHint.x
      value: -90
      objectReference: {fileID: 0}
    - target: {fileID: 3204886316640868934, guid: 5097234a820dca242838503cf26fa72c, type: 3}
      propertyPath: m_LocalEulerAnglesHint.y
      value: 0
      objectReference: {fileID: 0}
    - target: {fileID: 3204886316640868934, guid: 5097234a820dca242838503cf26fa72c, type: 3}
      propertyPath: m_LocalEulerAnglesHint.z
      value: 0
      objectReference: {fileID: 0}
    m_RemovedComponents: []
  m_SourcePrefab: {fileID: 100100000, guid: 5097234a820dca242838503cf26fa72c, type: 3}
--- !u!4 &6431814433722798410 stripped
Transform:
  m_CorrespondingSourceObject: {fileID: 3204886316640868934, guid: 5097234a820dca242838503cf26fa72c, type: 3}
  m_PrefabInstance: {fileID: 8446622294501264140}
  m_PrefabAsset: {fileID: 0}
--- !u!1001 &8953918250280392385
PrefabInstance:
  m_ObjectHideFlags: 0
  serializedVersion: 2
  m_Modification:
    m_TransformParent: {fileID: 433297974444254753}
    m_Modifications:
    - target: {fileID: 1910122807768483961, guid: 5097234a820dca242838503cf26fa72c, type: 3}
      propertyPath: m_Name
      value: Room_1x1_Floor (25)
      objectReference: {fileID: 0}
    - target: {fileID: 3204886316640868934, guid: 5097234a820dca242838503cf26fa72c, type: 3}
      propertyPath: m_RootOrder
      value: 25
      objectReference: {fileID: 0}
    - target: {fileID: 3204886316640868934, guid: 5097234a820dca242838503cf26fa72c, type: 3}
      propertyPath: m_LocalPosition.x
      value: 2.0010428
      objectReference: {fileID: 0}
    - target: {fileID: 3204886316640868934, guid: 5097234a820dca242838503cf26fa72c, type: 3}
      propertyPath: m_LocalPosition.y
      value: 0.0000010728836
      objectReference: {fileID: 0}
    - target: {fileID: 3204886316640868934, guid: 5097234a820dca242838503cf26fa72c, type: 3}
      propertyPath: m_LocalPosition.z
      value: 5.999996
      objectReference: {fileID: 0}
    - target: {fileID: 3204886316640868934, guid: 5097234a820dca242838503cf26fa72c, type: 3}
      propertyPath: m_LocalRotation.w
      value: 0.7071068
      objectReference: {fileID: 0}
    - target: {fileID: 3204886316640868934, guid: 5097234a820dca242838503cf26fa72c, type: 3}
      propertyPath: m_LocalRotation.x
      value: -0.7071068
      objectReference: {fileID: 0}
    - target: {fileID: 3204886316640868934, guid: 5097234a820dca242838503cf26fa72c, type: 3}
      propertyPath: m_LocalRotation.y
      value: -0
      objectReference: {fileID: 0}
    - target: {fileID: 3204886316640868934, guid: 5097234a820dca242838503cf26fa72c, type: 3}
      propertyPath: m_LocalRotation.z
      value: -0
      objectReference: {fileID: 0}
    - target: {fileID: 3204886316640868934, guid: 5097234a820dca242838503cf26fa72c, type: 3}
      propertyPath: m_LocalEulerAnglesHint.x
      value: -90
      objectReference: {fileID: 0}
    - target: {fileID: 3204886316640868934, guid: 5097234a820dca242838503cf26fa72c, type: 3}
      propertyPath: m_LocalEulerAnglesHint.y
      value: 0
      objectReference: {fileID: 0}
    - target: {fileID: 3204886316640868934, guid: 5097234a820dca242838503cf26fa72c, type: 3}
      propertyPath: m_LocalEulerAnglesHint.z
      value: 0
      objectReference: {fileID: 0}
    m_RemovedComponents: []
  m_SourcePrefab: {fileID: 100100000, guid: 5097234a820dca242838503cf26fa72c, type: 3}
--- !u!4 &5780579211999317127 stripped
Transform:
  m_CorrespondingSourceObject: {fileID: 3204886316640868934, guid: 5097234a820dca242838503cf26fa72c, type: 3}
  m_PrefabInstance: {fileID: 8953918250280392385}
  m_PrefabAsset: {fileID: 0}
--- !u!1001 &9021242654524658040
PrefabInstance:
  m_ObjectHideFlags: 0
  serializedVersion: 2
  m_Modification:
    m_TransformParent: {fileID: 433297974444254753}
    m_Modifications:
    - target: {fileID: 1910122807768483961, guid: 5097234a820dca242838503cf26fa72c, type: 3}
      propertyPath: m_Name
      value: Room_1x1_Floor (3)
      objectReference: {fileID: 0}
    - target: {fileID: 3204886316640868934, guid: 5097234a820dca242838503cf26fa72c, type: 3}
      propertyPath: m_RootOrder
      value: 3
      objectReference: {fileID: 0}
    - target: {fileID: 3204886316640868934, guid: 5097234a820dca242838503cf26fa72c, type: 3}
      propertyPath: m_LocalPosition.x
      value: 0
      objectReference: {fileID: 0}
    - target: {fileID: 3204886316640868934, guid: 5097234a820dca242838503cf26fa72c, type: 3}
      propertyPath: m_LocalPosition.y
      value: 0
      objectReference: {fileID: 0}
    - target: {fileID: 3204886316640868934, guid: 5097234a820dca242838503cf26fa72c, type: 3}
      propertyPath: m_LocalPosition.z
      value: 4
      objectReference: {fileID: 0}
    - target: {fileID: 3204886316640868934, guid: 5097234a820dca242838503cf26fa72c, type: 3}
      propertyPath: m_LocalRotation.w
      value: 0.7071068
      objectReference: {fileID: 0}
    - target: {fileID: 3204886316640868934, guid: 5097234a820dca242838503cf26fa72c, type: 3}
      propertyPath: m_LocalRotation.x
      value: -0.7071068
      objectReference: {fileID: 0}
    - target: {fileID: 3204886316640868934, guid: 5097234a820dca242838503cf26fa72c, type: 3}
      propertyPath: m_LocalRotation.y
      value: -0
      objectReference: {fileID: 0}
    - target: {fileID: 3204886316640868934, guid: 5097234a820dca242838503cf26fa72c, type: 3}
      propertyPath: m_LocalRotation.z
      value: -0
      objectReference: {fileID: 0}
    - target: {fileID: 3204886316640868934, guid: 5097234a820dca242838503cf26fa72c, type: 3}
      propertyPath: m_LocalEulerAnglesHint.x
      value: -90
      objectReference: {fileID: 0}
    - target: {fileID: 3204886316640868934, guid: 5097234a820dca242838503cf26fa72c, type: 3}
      propertyPath: m_LocalEulerAnglesHint.y
      value: 0
      objectReference: {fileID: 0}
    - target: {fileID: 3204886316640868934, guid: 5097234a820dca242838503cf26fa72c, type: 3}
      propertyPath: m_LocalEulerAnglesHint.z
      value: 0
      objectReference: {fileID: 0}
    m_RemovedComponents: []
  m_SourcePrefab: {fileID: 100100000, guid: 5097234a820dca242838503cf26fa72c, type: 3}
--- !u!4 &5858039048654342974 stripped
Transform:
  m_CorrespondingSourceObject: {fileID: 3204886316640868934, guid: 5097234a820dca242838503cf26fa72c, type: 3}
  m_PrefabInstance: {fileID: 9021242654524658040}
  m_PrefabAsset: {fileID: 0}
--- !u!1001 &9021728855449462548
PrefabInstance:
  m_ObjectHideFlags: 0
  serializedVersion: 2
  m_Modification:
    m_TransformParent: {fileID: 433297974444254753}
    m_Modifications:
    - target: {fileID: 1910122807768483961, guid: 5097234a820dca242838503cf26fa72c, type: 3}
      propertyPath: m_Name
      value: Room_1x1_Floor (16)
      objectReference: {fileID: 0}
    - target: {fileID: 3204886316640868934, guid: 5097234a820dca242838503cf26fa72c, type: 3}
      propertyPath: m_RootOrder
      value: 16
      objectReference: {fileID: 0}
    - target: {fileID: 3204886316640868934, guid: 5097234a820dca242838503cf26fa72c, type: 3}
      propertyPath: m_LocalPosition.x
      value: 8.004173
      objectReference: {fileID: 0}
    - target: {fileID: 3204886316640868934, guid: 5097234a820dca242838503cf26fa72c, type: 3}
      propertyPath: m_LocalPosition.y
      value: 0
      objectReference: {fileID: 0}
    - target: {fileID: 3204886316640868934, guid: 5097234a820dca242838503cf26fa72c, type: 3}
      propertyPath: m_LocalPosition.z
      value: -2
      objectReference: {fileID: 0}
    - target: {fileID: 3204886316640868934, guid: 5097234a820dca242838503cf26fa72c, type: 3}
      propertyPath: m_LocalRotation.w
      value: 0.7071068
      objectReference: {fileID: 0}
    - target: {fileID: 3204886316640868934, guid: 5097234a820dca242838503cf26fa72c, type: 3}
      propertyPath: m_LocalRotation.x
      value: -0.7071068
      objectReference: {fileID: 0}
    - target: {fileID: 3204886316640868934, guid: 5097234a820dca242838503cf26fa72c, type: 3}
      propertyPath: m_LocalRotation.y
      value: -0
      objectReference: {fileID: 0}
    - target: {fileID: 3204886316640868934, guid: 5097234a820dca242838503cf26fa72c, type: 3}
      propertyPath: m_LocalRotation.z
      value: -0
      objectReference: {fileID: 0}
    - target: {fileID: 3204886316640868934, guid: 5097234a820dca242838503cf26fa72c, type: 3}
      propertyPath: m_LocalEulerAnglesHint.x
      value: -90
      objectReference: {fileID: 0}
    - target: {fileID: 3204886316640868934, guid: 5097234a820dca242838503cf26fa72c, type: 3}
      propertyPath: m_LocalEulerAnglesHint.y
      value: 0
      objectReference: {fileID: 0}
    - target: {fileID: 3204886316640868934, guid: 5097234a820dca242838503cf26fa72c, type: 3}
      propertyPath: m_LocalEulerAnglesHint.z
      value: 0
      objectReference: {fileID: 0}
    m_RemovedComponents: []
  m_SourcePrefab: {fileID: 100100000, guid: 5097234a820dca242838503cf26fa72c, type: 3}
--- !u!4 &5857377200513711442 stripped
Transform:
  m_CorrespondingSourceObject: {fileID: 3204886316640868934, guid: 5097234a820dca242838503cf26fa72c, type: 3}
  m_PrefabInstance: {fileID: 9021728855449462548}
  m_PrefabAsset: {fileID: 0}
--- !u!1001 &9028685882121379933
PrefabInstance:
  m_ObjectHideFlags: 0
  serializedVersion: 2
  m_Modification:
    m_TransformParent: {fileID: 433297974444254753}
    m_Modifications:
    - target: {fileID: 1910122807768483961, guid: 5097234a820dca242838503cf26fa72c, type: 3}
      propertyPath: m_Name
      value: Room_1x1_Floor (8)
      objectReference: {fileID: 0}
    - target: {fileID: 3204886316640868934, guid: 5097234a820dca242838503cf26fa72c, type: 3}
      propertyPath: m_RootOrder
      value: 8
      objectReference: {fileID: 0}
    - target: {fileID: 3204886316640868934, guid: 5097234a820dca242838503cf26fa72c, type: 3}
      propertyPath: m_LocalPosition.x
      value: 6.0031304
      objectReference: {fileID: 0}
    - target: {fileID: 3204886316640868934, guid: 5097234a820dca242838503cf26fa72c, type: 3}
      propertyPath: m_LocalPosition.y
      value: 0
      objectReference: {fileID: 0}
    - target: {fileID: 3204886316640868934, guid: 5097234a820dca242838503cf26fa72c, type: 3}
      propertyPath: m_LocalPosition.z
      value: 0
      objectReference: {fileID: 0}
    - target: {fileID: 3204886316640868934, guid: 5097234a820dca242838503cf26fa72c, type: 3}
      propertyPath: m_LocalRotation.w
      value: 0.7071068
      objectReference: {fileID: 0}
    - target: {fileID: 3204886316640868934, guid: 5097234a820dca242838503cf26fa72c, type: 3}
      propertyPath: m_LocalRotation.x
      value: -0.7071068
      objectReference: {fileID: 0}
    - target: {fileID: 3204886316640868934, guid: 5097234a820dca242838503cf26fa72c, type: 3}
      propertyPath: m_LocalRotation.y
      value: -0
      objectReference: {fileID: 0}
    - target: {fileID: 3204886316640868934, guid: 5097234a820dca242838503cf26fa72c, type: 3}
      propertyPath: m_LocalRotation.z
      value: -0
      objectReference: {fileID: 0}
    - target: {fileID: 3204886316640868934, guid: 5097234a820dca242838503cf26fa72c, type: 3}
      propertyPath: m_LocalEulerAnglesHint.x
      value: -90
      objectReference: {fileID: 0}
    - target: {fileID: 3204886316640868934, guid: 5097234a820dca242838503cf26fa72c, type: 3}
      propertyPath: m_LocalEulerAnglesHint.y
      value: 0
      objectReference: {fileID: 0}
    - target: {fileID: 3204886316640868934, guid: 5097234a820dca242838503cf26fa72c, type: 3}
      propertyPath: m_LocalEulerAnglesHint.z
      value: 0
      objectReference: {fileID: 0}
    m_RemovedComponents: []
  m_SourcePrefab: {fileID: 100100000, guid: 5097234a820dca242838503cf26fa72c, type: 3}
--- !u!4 &5851969110846372379 stripped
Transform:
  m_CorrespondingSourceObject: {fileID: 3204886316640868934, guid: 5097234a820dca242838503cf26fa72c, type: 3}
  m_PrefabInstance: {fileID: 9028685882121379933}
  m_PrefabAsset: {fileID: 0}
--- !u!1001 &9202214831961057277
PrefabInstance:
  m_ObjectHideFlags: 0
  serializedVersion: 2
  m_Modification:
    m_TransformParent: {fileID: 433297974444254753}
    m_Modifications:
    - target: {fileID: 1910122807768483961, guid: 5097234a820dca242838503cf26fa72c, type: 3}
      propertyPath: m_Name
      value: Room_1x1_Floor (7)
      objectReference: {fileID: 0}
    - target: {fileID: 3204886316640868934, guid: 5097234a820dca242838503cf26fa72c, type: 3}
      propertyPath: m_RootOrder
      value: 7
      objectReference: {fileID: 0}
    - target: {fileID: 3204886316640868934, guid: 5097234a820dca242838503cf26fa72c, type: 3}
      propertyPath: m_LocalPosition.x
      value: 6.003131
      objectReference: {fileID: 0}
    - target: {fileID: 3204886316640868934, guid: 5097234a820dca242838503cf26fa72c, type: 3}
      propertyPath: m_LocalPosition.y
      value: 0
      objectReference: {fileID: 0}
    - target: {fileID: 3204886316640868934, guid: 5097234a820dca242838503cf26fa72c, type: 3}
      propertyPath: m_LocalPosition.z
      value: 2
      objectReference: {fileID: 0}
    - target: {fileID: 3204886316640868934, guid: 5097234a820dca242838503cf26fa72c, type: 3}
      propertyPath: m_LocalRotation.w
      value: 0.7071068
      objectReference: {fileID: 0}
    - target: {fileID: 3204886316640868934, guid: 5097234a820dca242838503cf26fa72c, type: 3}
      propertyPath: m_LocalRotation.x
      value: -0.7071068
      objectReference: {fileID: 0}
    - target: {fileID: 3204886316640868934, guid: 5097234a820dca242838503cf26fa72c, type: 3}
      propertyPath: m_LocalRotation.y
      value: -0
      objectReference: {fileID: 0}
    - target: {fileID: 3204886316640868934, guid: 5097234a820dca242838503cf26fa72c, type: 3}
      propertyPath: m_LocalRotation.z
      value: -0
      objectReference: {fileID: 0}
    - target: {fileID: 3204886316640868934, guid: 5097234a820dca242838503cf26fa72c, type: 3}
      propertyPath: m_LocalEulerAnglesHint.x
      value: -90
      objectReference: {fileID: 0}
    - target: {fileID: 3204886316640868934, guid: 5097234a820dca242838503cf26fa72c, type: 3}
      propertyPath: m_LocalEulerAnglesHint.y
      value: 0
      objectReference: {fileID: 0}
    - target: {fileID: 3204886316640868934, guid: 5097234a820dca242838503cf26fa72c, type: 3}
      propertyPath: m_LocalEulerAnglesHint.z
      value: 0
      objectReference: {fileID: 0}
    m_RemovedComponents: []
  m_SourcePrefab: {fileID: 100100000, guid: 5097234a820dca242838503cf26fa72c, type: 3}
--- !u!4 &6039009056587070907 stripped
Transform:
  m_CorrespondingSourceObject: {fileID: 3204886316640868934, guid: 5097234a820dca242838503cf26fa72c, type: 3}
  m_PrefabInstance: {fileID: 9202214831961057277}
  m_PrefabAsset: {fileID: 0}
