%YAML 1.1
%TAG !u! tag:unity3d.com,2011:
--- !u!1 &255154466232865953
GameObject:
  m_ObjectHideFlags: 0
  m_CorrespondingSourceObject: {fileID: 0}
  m_PrefabInstance: {fileID: 0}
  m_PrefabAsset: {fileID: 0}
  serializedVersion: 6
  m_Component:
  - component: {fileID: 7592573726678502473}
  - component: {fileID: 100466706534243089}
  - component: {fileID: 9142625747950211027}
  m_Layer: 0
  m_Name: R7_chair_and_tv_client_getting_zone
  m_TagString: Untagged
  m_Icon: {fileID: 0}
  m_NavMeshLayer: 0
  m_StaticEditorFlags: 0
  m_IsActive: 1
--- !u!4 &7592573726678502473
Transform:
  m_ObjectHideFlags: 0
  m_CorrespondingSourceObject: {fileID: 0}
  m_PrefabInstance: {fileID: 0}
  m_PrefabAsset: {fileID: 0}
  m_GameObject: {fileID: 255154466232865953}
  m_LocalRotation: {x: 0, y: 0, z: 0, w: 1}
  m_LocalPosition: {x: 0, y: 0, z: 0}
  m_LocalScale: {x: 1, y: 1, z: 1}
  m_ConstrainProportionsScale: 0
  m_Children:
  - {fileID: 6774734723459632957}
  m_Father: {fileID: 7103990765014794544}
  m_RootOrder: 0
  m_LocalEulerAnglesHint: {x: 0, y: 0, z: 0}
--- !u!114 &100466706534243089
MonoBehaviour:
  m_ObjectHideFlags: 0
  m_CorrespondingSourceObject: {fileID: 0}
  m_PrefabInstance: {fileID: 0}
  m_PrefabAsset: {fileID: 0}
  m_GameObject: {fileID: 255154466232865953}
  m_Enabled: 1
  m_EditorHideFlags: 0
  m_Script: {fileID: 11500000, guid: e71f234bd5cf44fc851ef10fe90de8a9, type: 3}
  m_Name: 
  m_EditorClassIdentifier: 
  _capacity: 0
  _currentAmount: 0
  isEndlessResources: 0
  OnAmountChanged: []
  _progressBar: {fileID: 0}
  _digitsAfterPointInNumbers: 0
  _alwaysShow: 1
  _progressBarShowTime: 0
  percentToShowCollectButton: 0
  onCollectingAvailable:
    m_PersistentCalls:
      m_Calls: []
  onResourceCollected:
    m_PersistentCalls:
      m_Calls: []
  collectSpawnPoint: {fileID: 0}
--- !u!114 &9142625747950211027
MonoBehaviour:
  m_ObjectHideFlags: 0
  m_CorrespondingSourceObject: {fileID: 0}
  m_PrefabInstance: {fileID: 0}
  m_PrefabAsset: {fileID: 0}
  m_GameObject: {fileID: 255154466232865953}
  m_Enabled: 1
  m_EditorHideFlags: 0
  m_Script: {fileID: 11500000, guid: 85778848c055488b906b87cb0a688f5b, type: 3}
  m_Name: 
  m_EditorClassIdentifier: 
  addToServiceOnStart: 0
  _id: R7_chair_and_tv_client_getting_zone
  _interactableObjects:
  - {fileID: 2638038024891631765}
  _service: {fileID: 11400000, guid: 539493926fbbe234b92ffc305b07394b, type: 2}
  isBooked: 0
  isActivated: 0
  animator: {fileID: 0}
  isMaxAmountOnStart: 0
  _resourceLevel: 0
  _popUpWorldIconsScheme: {fileID: 11400000, guid: 8cde5ed4df2581e49995d75e38f8eb85, type: 2}
  _save:
    ID: 
    Level: 0
    CurrentAmount: 0
  doWorkEventDelay: 1
  doWorkEvent:
    m_PersistentCalls:
      m_Calls: []
--- !u!1 &290259120393297848
GameObject:
  m_ObjectHideFlags: 0
  m_CorrespondingSourceObject: {fileID: 0}
  m_PrefabInstance: {fileID: 0}
  m_PrefabAsset: {fileID: 0}
  serializedVersion: 6
  m_Component:
  - component: {fileID: 5920489355800694395}
  - component: {fileID: 6708639570924204174}
  m_Layer: 0
  m_Name: Plumber_1_IO
  m_TagString: Untagged
  m_Icon: {fileID: 0}
  m_NavMeshLayer: 0
  m_StaticEditorFlags: 0
  m_IsActive: 1
--- !u!4 &5920489355800694395
Transform:
  m_ObjectHideFlags: 0
  m_CorrespondingSourceObject: {fileID: 0}
  m_PrefabInstance: {fileID: 0}
  m_PrefabAsset: {fileID: 0}
  m_GameObject: {fileID: 290259120393297848}
  m_LocalRotation: {x: -0, y: -0, z: -0, w: 1}
  m_LocalPosition: {x: 0, y: 0, z: 0}
  m_LocalScale: {x: 1, y: 1, z: 1}
  m_ConstrainProportionsScale: 0
  m_Children: []
  m_Father: {fileID: 7103990765014794544}
  m_RootOrder: 2
  m_LocalEulerAnglesHint: {x: 0, y: 0, z: 0}
--- !u!114 &6708639570924204174
MonoBehaviour:
  m_ObjectHideFlags: 0
  m_CorrespondingSourceObject: {fileID: 0}
  m_PrefabInstance: {fileID: 0}
  m_PrefabAsset: {fileID: 0}
  m_GameObject: {fileID: 290259120393297848}
  m_Enabled: 1
  m_EditorHideFlags: 0
  m_Script: {fileID: 11500000, guid: d5a7a12054006f840a70cafeb9250395, type: 3}
  m_Name: 
  m_EditorClassIdentifier: 
  NPCId: Plumber_1
  GizmoSizeMultiplier: 1
  TeleportToRootOnInteract: 1
  UseRootRotationOnInteract: 0
  PlayTeleportFx: 0
  ExitPosition: {fileID: 0}
  OnInteractionStart:
    m_PersistentCalls:
      m_Calls: []
  OnInteractionEnd:
    m_PersistentCalls:
      m_Calls: []
  InteractionStartAnimationTrigger: 
  InteractionMovingAnimationTrigger: 
  InteractAnimationBoolParam: 
  isOccupied: 0
  interactionTime: 10
  UsePreview: 0
  PreviewObject: {fileID: 0}
  PreviewAnimation: {fileID: 0}
  animationPosition: 0
--- !u!1 &2753160525523067074
GameObject:
  m_ObjectHideFlags: 0
  m_CorrespondingSourceObject: {fileID: 0}
  m_PrefabInstance: {fileID: 0}
  m_PrefabAsset: {fileID: 0}
  serializedVersion: 6
  m_Component:
  - component: {fileID: 6774734723459632957}
  - component: {fileID: 2638038024891631765}
  m_Layer: 0
  m_Name: Client_3_IO
  m_TagString: Untagged
  m_Icon: {fileID: 0}
  m_NavMeshLayer: 0
  m_StaticEditorFlags: 0
  m_IsActive: 1
--- !u!4 &6774734723459632957
Transform:
  m_ObjectHideFlags: 0
  m_CorrespondingSourceObject: {fileID: 0}
  m_PrefabInstance: {fileID: 0}
  m_PrefabAsset: {fileID: 0}
  m_GameObject: {fileID: 2753160525523067074}
  m_LocalRotation: {x: -0, y: -0, z: -0, w: 1}
  m_LocalPosition: {x: 0, y: 0, z: 0}
  m_LocalScale: {x: 1, y: 1, z: 1}
  m_ConstrainProportionsScale: 0
  m_Children: []
  m_Father: {fileID: 7592573726678502473}
  m_RootOrder: 0
  m_LocalEulerAnglesHint: {x: 0, y: 0, z: 0}
--- !u!114 &2638038024891631765
MonoBehaviour:
  m_ObjectHideFlags: 0
  m_CorrespondingSourceObject: {fileID: 0}
  m_PrefabInstance: {fileID: 0}
  m_PrefabAsset: {fileID: 0}
  m_GameObject: {fileID: 2753160525523067074}
  m_Enabled: 1
  m_EditorHideFlags: 0
  m_Script: {fileID: 11500000, guid: d5a7a12054006f840a70cafeb9250395, type: 3}
  m_Name: 
  m_EditorClassIdentifier: 
  NPCId: Client_3
  GizmoSizeMultiplier: 1
  TeleportToRootOnInteract: 1
  UseRootRotationOnInteract: 0
  PlayTeleportFx: 0
  ExitPosition: {fileID: 0}
  OnInteractionStart:
    m_PersistentCalls:
      m_Calls: []
  OnInteractionEnd:
    m_PersistentCalls:
      m_Calls: []
  InteractionStartAnimationTrigger: 
  InteractionMovingAnimationTrigger: 
  InteractAnimationBoolParam: 
  isOccupied: 0
  interactionTime: 10
  UsePreview: 0
  PreviewObject: {fileID: 0}
  PreviewAnimation: {fileID: 0}
  animationPosition: 0
--- !u!1 &4478616712046760602
GameObject:
  m_ObjectHideFlags: 0
  m_CorrespondingSourceObject: {fileID: 0}
  m_PrefabInstance: {fileID: 0}
  m_PrefabAsset: {fileID: 0}
  serializedVersion: 6
  m_Component:
  - component: {fileID: 8036690992393957579}
  - component: {fileID: 583673810203606728}
  - component: {fileID: 5930018905836585027}
  - component: {fileID: 7322407953368520386}
  m_Layer: 0
  m_Name: R7_chair_and_tv_plumber_spending_zone
  m_TagString: Untagged
  m_Icon: {fileID: 0}
  m_NavMeshLayer: 0
  m_StaticEditorFlags: 0
  m_IsActive: 1
--- !u!4 &8036690992393957579
Transform:
  m_ObjectHideFlags: 0
  m_CorrespondingSourceObject: {fileID: 0}
  m_PrefabInstance: {fileID: 0}
  m_PrefabAsset: {fileID: 0}
  m_GameObject: {fileID: 4478616712046760602}
  m_LocalRotation: {x: 0, y: 0, z: 0, w: 1}
  m_LocalPosition: {x: 0, y: 0, z: 0}
  m_LocalScale: {x: 1, y: 1, z: 1}
  m_ConstrainProportionsScale: 0
  m_Children:
  - {fileID: 3465394231192209671}
  m_Father: {fileID: 7103990765014794544}
  m_RootOrder: 1
  m_LocalEulerAnglesHint: {x: 0, y: 0, z: 0}
--- !u!114 &583673810203606728
MonoBehaviour:
  m_ObjectHideFlags: 0
  m_CorrespondingSourceObject: {fileID: 0}
  m_PrefabInstance: {fileID: 0}
  m_PrefabAsset: {fileID: 0}
  m_GameObject: {fileID: 4478616712046760602}
  m_Enabled: 1
  m_EditorHideFlags: 0
  m_Script: {fileID: 11500000, guid: e71f234bd5cf44fc851ef10fe90de8a9, type: 3}
  m_Name: 
  m_EditorClassIdentifier: 
  _capacity: 0
  _currentAmount: 0
  isEndlessResources: 0
  OnAmountChanged: []
  _progressBar: {fileID: 0}
  _digitsAfterPointInNumbers: 0
  _alwaysShow: 1
  _progressBarShowTime: 0
  percentToShowCollectButton: 0
  onCollectingAvailable:
    m_PersistentCalls:
      m_Calls: []
  onResourceCollected:
    m_PersistentCalls:
      m_Calls: []
  collectSpawnPoint: {fileID: 0}
--- !u!114 &5930018905836585027
MonoBehaviour:
  m_ObjectHideFlags: 0
  m_CorrespondingSourceObject: {fileID: 0}
  m_PrefabInstance: {fileID: 0}
  m_PrefabAsset: {fileID: 0}
  m_GameObject: {fileID: 4478616712046760602}
  m_Enabled: 1
  m_EditorHideFlags: 0
  m_Script: {fileID: 11500000, guid: cbce59df0d224021b7dcd20ffee48da8, type: 3}
  m_Name: 
  m_EditorClassIdentifier: 
  addToServiceOnStart: 1
  _id: R7_chair_and_tv_plumber_spending_zone
  _interactableObjects:
  - {fileID: 3388768261888830152}
  _service: {fileID: 11400000, guid: 85cf39e39f7a1d245a700f2919700cd4, type: 2}
  isBooked: 0
  isActivated: 0
  _spendingMultiplier: 1
  _popUpWorldIconsScheme: {fileID: 11400000, guid: 27f9eb841a1636444b95bd99b8c2c9ad, type: 2}
--- !u!114 &7322407953368520386
MonoBehaviour:
  m_ObjectHideFlags: 0
  m_CorrespondingSourceObject: {fileID: 0}
  m_PrefabInstance: {fileID: 0}
  m_PrefabAsset: {fileID: 0}
  m_GameObject: {fileID: 4478616712046760602}
  m_Enabled: 1
  m_EditorHideFlags: 0
  m_Script: {fileID: 11500000, guid: da02665d9f1f464bb14e1c6720b10d49, type: 3}
  m_Name: 
  m_EditorClassIdentifier: 
  _transferFrom: {fileID: 5930018905836585027}
  _transferTo: {fileID: 9142625747950211027}
  _frequency: 0.001
  _multiplier: 1
  onTransferComplete:
    m_PersistentCalls:
      m_Calls: []
  gettingZones: []
--- !u!1 &6861753378805131314
GameObject:
  m_ObjectHideFlags: 0
  m_CorrespondingSourceObject: {fileID: 0}
  m_PrefabInstance: {fileID: 0}
  m_PrefabAsset: {fileID: 0}
  serializedVersion: 6
  m_Component:
  - component: {fileID: 5656470563688823468}
  - component: {fileID: 2502759644524218896}
  m_Layer: 0
  m_Name: Client_3_IO
  m_TagString: Untagged
  m_Icon: {fileID: 0}
  m_NavMeshLayer: 0
  m_StaticEditorFlags: 0
  m_IsActive: 1
--- !u!4 &5656470563688823468
Transform:
  m_ObjectHideFlags: 0
  m_CorrespondingSourceObject: {fileID: 0}
  m_PrefabInstance: {fileID: 0}
  m_PrefabAsset: {fileID: 0}
  m_GameObject: {fileID: 6861753378805131314}
  m_LocalRotation: {x: -0, y: -0, z: -0, w: 1}
  m_LocalPosition: {x: 0, y: 0, z: 0}
  m_LocalScale: {x: 1, y: 1, z: 1}
  m_ConstrainProportionsScale: 0
  m_Children: []
  m_Father: {fileID: 7103990765014794544}
  m_RootOrder: 3
  m_LocalEulerAnglesHint: {x: 0, y: 0, z: 0}
--- !u!114 &2502759644524218896
MonoBehaviour:
  m_ObjectHideFlags: 0
  m_CorrespondingSourceObject: {fileID: 0}
  m_PrefabInstance: {fileID: 0}
  m_PrefabAsset: {fileID: 0}
  m_GameObject: {fileID: 6861753378805131314}
  m_Enabled: 1
  m_EditorHideFlags: 0
  m_Script: {fileID: 11500000, guid: d5a7a12054006f840a70cafeb9250395, type: 3}
  m_Name: 
  m_EditorClassIdentifier: 
  NPCId: Client_3
  GizmoSizeMultiplier: 1
  TeleportToRootOnInteract: 1
  UseRootRotationOnInteract: 0
  PlayTeleportFx: 0
  ExitPosition: {fileID: 0}
  OnInteractionStart:
    m_PersistentCalls:
      m_Calls: []
  OnInteractionEnd:
    m_PersistentCalls:
      m_Calls: []
  InteractionStartAnimationTrigger: 
  InteractionMovingAnimationTrigger: 
  InteractAnimationBoolParam: 
  isOccupied: 0
  interactionTime: 10
  UsePreview: 0
  PreviewObject: {fileID: 0}
  PreviewAnimation: {fileID: 0}
  animationPosition: 0
--- !u!1 &6895465685927170722
GameObject:
  m_ObjectHideFlags: 0
  m_CorrespondingSourceObject: {fileID: 0}
  m_PrefabInstance: {fileID: 0}
  m_PrefabAsset: {fileID: 0}
  serializedVersion: 6
  m_Component:
  - component: {fileID: 7103990765014794544}
  - component: {fileID: 1378999179042772313}
  - component: {fileID: 3557756018406672138}
  - component: {fileID: 2663988380666811237}
  - component: {fileID: 6964629292072002128}
  m_Layer: 0
  m_Name: R7_chair_and_tv_plumber_getting_zone
  m_TagString: Untagged
  m_Icon: {fileID: 0}
  m_NavMeshLayer: 0
  m_StaticEditorFlags: 0
  m_IsActive: 1
--- !u!4 &7103990765014794544
Transform:
  m_ObjectHideFlags: 0
  m_CorrespondingSourceObject: {fileID: 0}
  m_PrefabInstance: {fileID: 0}
  m_PrefabAsset: {fileID: 0}
  m_GameObject: {fileID: 6895465685927170722}
  m_LocalRotation: {x: 0, y: 0, z: 0, w: 1}
  m_LocalPosition: {x: 0, y: 0, z: 0}
  m_LocalScale: {x: 1, y: 1, z: 1}
  m_ConstrainProportionsScale: 0
  m_Children:
  - {fileID: 7592573726678502473}
  - {fileID: 8036690992393957579}
  - {fileID: 5920489355800694395}
  - {fileID: 5656470563688823468}
  m_Father: {fileID: 8944842179638724959}
  m_RootOrder: 1
  m_LocalEulerAnglesHint: {x: 0, y: 0, z: 0}
--- !u!114 &1378999179042772313
MonoBehaviour:
  m_ObjectHideFlags: 0
  m_CorrespondingSourceObject: {fileID: 0}
  m_PrefabInstance: {fileID: 0}
  m_PrefabAsset: {fileID: 0}
  m_GameObject: {fileID: 6895465685927170722}
  m_Enabled: 1
  m_EditorHideFlags: 0
  m_Script: {fileID: 11500000, guid: e71f234bd5cf44fc851ef10fe90de8a9, type: 3}
  m_Name: 
  m_EditorClassIdentifier: 
  _capacity: 0
  _currentAmount: 0
  isEndlessResources: 0
  OnAmountChanged: []
  _progressBar: {fileID: 0}
  _digitsAfterPointInNumbers: 0
  _alwaysShow: 1
  _progressBarShowTime: 0
  percentToShowCollectButton: 0
  onCollectingAvailable:
    m_PersistentCalls:
      m_Calls: []
  onResourceCollected:
    m_PersistentCalls:
      m_Calls: []
  collectSpawnPoint: {fileID: 0}
--- !u!114 &3557756018406672138
MonoBehaviour:
  m_ObjectHideFlags: 0
  m_CorrespondingSourceObject: {fileID: 0}
  m_PrefabInstance: {fileID: 0}
  m_PrefabAsset: {fileID: 0}
  m_GameObject: {fileID: 6895465685927170722}
  m_Enabled: 1
  m_EditorHideFlags: 0
  m_Script: {fileID: 11500000, guid: 85778848c055488b906b87cb0a688f5b, type: 3}
  m_Name: 
  m_EditorClassIdentifier: 
  addToServiceOnStart: 0
  _id: R7_chair_and_tv_plumber_getting_zone
  _interactableObjects:
  - {fileID: 6708639570924204174}
  _service: {fileID: 11400000, guid: 85cf39e39f7a1d245a700f2919700cd4, type: 2}
  isBooked: 0
  isActivated: 0
  animator: {fileID: 0}
  isMaxAmountOnStart: 0
  _resourceLevel: 0
  _popUpWorldIconsScheme: {fileID: 11400000, guid: 27f9eb841a1636444b95bd99b8c2c9ad, type: 2}
  _save:
    ID: 
    Level: 0
    CurrentAmount: 0
  doWorkEventDelay: 1
  doWorkEvent:
    m_PersistentCalls:
      m_Calls: []
--- !u!114 &2663988380666811237
MonoBehaviour:
  m_ObjectHideFlags: 0
  m_CorrespondingSourceObject: {fileID: 0}
  m_PrefabInstance: {fileID: 0}
  m_PrefabAsset: {fileID: 0}
  m_GameObject: {fileID: 6895465685927170722}
  m_Enabled: 1
  m_EditorHideFlags: 0
  m_Script: {fileID: 11500000, guid: cbce59df0d224021b7dcd20ffee48da8, type: 3}
  m_Name: 
  m_EditorClassIdentifier: 
  addToServiceOnStart: 1
  _id: R7_chair_and_tv_client_spending_zone
  _interactableObjects:
  - {fileID: 2502759644524218896}
  _service: {fileID: 11400000, guid: 539493926fbbe234b92ffc305b07394b, type: 2}
  isBooked: 0
  isActivated: 0
  _spendingMultiplier: 1
  _popUpWorldIconsScheme: {fileID: 11400000, guid: 8cde5ed4df2581e49995d75e38f8eb85, type: 2}
--- !u!114 &6964629292072002128
MonoBehaviour:
  m_ObjectHideFlags: 0
  m_CorrespondingSourceObject: {fileID: 0}
  m_PrefabInstance: {fileID: 0}
  m_PrefabAsset: {fileID: 0}
  m_GameObject: {fileID: 6895465685927170722}
  m_Enabled: 1
  m_EditorHideFlags: 0
  m_Script: {fileID: 11500000, guid: 0195ba30b51b0dd4e9245236a7f9e8b0, type: 3}
  m_Name: 
  m_EditorClassIdentifier: 
  _transferFrom: {fileID: 0}
  _transferTo: {fileID: 0}
  fillFullStorage: 1
--- !u!1 &7535081644053769822
GameObject:
  m_ObjectHideFlags: 0
  m_CorrespondingSourceObject: {fileID: 0}
  m_PrefabInstance: {fileID: 0}
  m_PrefabAsset: {fileID: 0}
  serializedVersion: 6
  m_Component:
  - component: {fileID: 3465394231192209671}
  - component: {fileID: 3388768261888830152}
  m_Layer: 0
  m_Name: Plumber_1_IO
  m_TagString: Untagged
  m_Icon: {fileID: 0}
  m_NavMeshLayer: 0
  m_StaticEditorFlags: 0
  m_IsActive: 1
--- !u!4 &3465394231192209671
Transform:
  m_ObjectHideFlags: 0
  m_CorrespondingSourceObject: {fileID: 0}
  m_PrefabInstance: {fileID: 0}
  m_PrefabAsset: {fileID: 0}
  m_GameObject: {fileID: 7535081644053769822}
  m_LocalRotation: {x: -0, y: -0, z: -0, w: 1}
  m_LocalPosition: {x: 0, y: 0, z: 0}
  m_LocalScale: {x: 1, y: 1, z: 1}
  m_ConstrainProportionsScale: 0
  m_Children: []
  m_Father: {fileID: 8036690992393957579}
  m_RootOrder: 0
  m_LocalEulerAnglesHint: {x: 0, y: 0, z: 0}
--- !u!114 &3388768261888830152
MonoBehaviour:
  m_ObjectHideFlags: 0
  m_CorrespondingSourceObject: {fileID: 0}
  m_PrefabInstance: {fileID: 0}
  m_PrefabAsset: {fileID: 0}
  m_GameObject: {fileID: 7535081644053769822}
  m_Enabled: 1
  m_EditorHideFlags: 0
  m_Script: {fileID: 11500000, guid: d5a7a12054006f840a70cafeb9250395, type: 3}
  m_Name: 
  m_EditorClassIdentifier: 
  NPCId: Plumber_1
  GizmoSizeMultiplier: 1
  TeleportToRootOnInteract: 1
  UseRootRotationOnInteract: 0
  PlayTeleportFx: 0
  ExitPosition: {fileID: 0}
  OnInteractionStart:
    m_PersistentCalls:
      m_Calls: []
  OnInteractionEnd:
    m_PersistentCalls:
      m_Calls: []
  InteractionStartAnimationTrigger: 
  InteractionMovingAnimationTrigger: 
  InteractAnimationBoolParam: 
  isOccupied: 0
  interactionTime: 10
  UsePreview: 0
  PreviewObject: {fileID: 0}
  PreviewAnimation: {fileID: 0}
  animationPosition: 0
--- !u!1 &7768832389334433935
GameObject:
  m_ObjectHideFlags: 0
  m_CorrespondingSourceObject: {fileID: 0}
  m_PrefabInstance: {fileID: 0}
  m_PrefabAsset: {fileID: 0}
  serializedVersion: 6
  m_Component:
  - component: {fileID: 8944842179638724959}
  - component: {fileID: 8565942448064869154}
  - component: {fileID: 5749515817067793975}
  m_Layer: 0
  m_Name: R7_chair_and_tv
  m_TagString: Untagged
  m_Icon: {fileID: 0}
  m_NavMeshLayer: 0
  m_StaticEditorFlags: 0
  m_IsActive: 1
--- !u!4 &8944842179638724959
Transform:
  m_ObjectHideFlags: 0
  m_CorrespondingSourceObject: {fileID: 0}
  m_PrefabInstance: {fileID: 0}
  m_PrefabAsset: {fileID: 0}
  m_GameObject: {fileID: 7768832389334433935}
  m_LocalRotation: {x: -0, y: -0, z: -0, w: 1}
  m_LocalPosition: {x: -3.5000002, y: -0.0042563677, z: 0.1800003}
  m_LocalScale: {x: 1, y: 1, z: 1}
  m_ConstrainProportionsScale: 0
  m_Children:
  - {fileID: 5910972953456900536}
  - {fileID: 7103990765014794544}
  m_Father: {fileID: 0}
  m_RootOrder: 0
  m_LocalEulerAnglesHint: {x: 0, y: 0, z: 0}
--- !u!114 &8565942448064869154
MonoBehaviour:
  m_ObjectHideFlags: 0
  m_CorrespondingSourceObject: {fileID: 0}
  m_PrefabInstance: {fileID: 0}
  m_PrefabAsset: {fileID: 0}
  m_GameObject: {fileID: 7768832389334433935}
  m_Enabled: 1
  m_EditorHideFlags: 0
  m_Script: {fileID: 11500000, guid: 023ff7a1f86a4a144a0d7676da711ef1, type: 3}
  m_Name: 
  m_EditorClassIdentifier: 
  cameraOrtoSize: 20
--- !u!114 &5749515817067793975
MonoBehaviour:
  m_ObjectHideFlags: 0
  m_CorrespondingSourceObject: {fileID: 0}
  m_PrefabInstance: {fileID: 0}
  m_PrefabAsset: {fileID: 0}
  m_GameObject: {fileID: 7768832389334433935}
  m_Enabled: 1
  m_EditorHideFlags: 0
  m_Script: {fileID: 11500000, guid: 44a0512badd6d7e408e032009ef853ac, type: 3}
  m_Name: 
  m_EditorClassIdentifier: 
  addToServiceOnStart: 1
  _id: R7_chair_and_tv
  _interactableObjects: []
  _service: {fileID: 11400000, guid: 85cf39e39f7a1d245a700f2919700cd4, type: 2}
  isBooked: 0
  isActivated: 0
  _stats:
    Level: 0
    ResourcesCapacity: 0
    UpgradeTime: 0
    UpgradePriceCoins: 0
    StatPleasure: 0
    UpgradePriceRedGems: 0
    UpgradePriceGreenGems: 0
    UpgradePriceBlueGems: 0
  _cameraTarget: {fileID: 0}
  _storage: {fileID: 0}
  workingZones:
  - {fileID: 3557756018406672138}
  onActivated:
    m_PersistentCalls:
      m_Calls: []
  onUpgraded:
    m_PersistentCalls:
      m_Calls: []
  _materialChanger: {fileID: 0}
  _resourceLevel: 0
  showAtServiceMenu: 1
--- !u!1001 &5910972953456763704
PrefabInstance:
  m_ObjectHideFlags: 0
  serializedVersion: 2
  m_Modification:
    m_TransformParent: {fileID: 8944842179638724959}
    m_Modifications:
    - target: {fileID: 100000, guid: 26860a6f791e14f468d4db7dd404e462, type: 3}
      propertyPath: m_Name
      value: Chair
      objectReference: {fileID: 0}
    - target: {fileID: 100000, guid: 26860a6f791e14f468d4db7dd404e462, type: 3}
      propertyPath: m_IsActive
      value: 1
      objectReference: {fileID: 0}
    - target: {fileID: 400000, guid: 26860a6f791e14f468d4db7dd404e462, type: 3}
      propertyPath: m_RootOrder
      value: 0
      objectReference: {fileID: 0}
    - target: {fileID: 400000, guid: 26860a6f791e14f468d4db7dd404e462, type: 3}
      propertyPath: m_LocalScale.x
      value: 0.58457
      objectReference: {fileID: 0}
    - target: {fileID: 400000, guid: 26860a6f791e14f468d4db7dd404e462, type: 3}
      propertyPath: m_LocalScale.y
      value: 0.58457
      objectReference: {fileID: 0}
    - target: {fileID: 400000, guid: 26860a6f791e14f468d4db7dd404e462, type: 3}
      propertyPath: m_LocalScale.z
      value: 0.58457
      objectReference: {fileID: 0}
    - target: {fileID: 400000, guid: 26860a6f791e14f468d4db7dd404e462, type: 3}
      propertyPath: m_LocalPosition.x
      value: 0
      objectReference: {fileID: 0}
    - target: {fileID: 400000, guid: 26860a6f791e14f468d4db7dd404e462, type: 3}
      propertyPath: m_LocalPosition.y
      value: 0
      objectReference: {fileID: 0}
    - target: {fileID: 400000, guid: 26860a6f791e14f468d4db7dd404e462, type: 3}
      propertyPath: m_LocalPosition.z
      value: 0
      objectReference: {fileID: 0}
    - target: {fileID: 400000, guid: 26860a6f791e14f468d4db7dd404e462, type: 3}
      propertyPath: m_LocalRotation.w
      value: 0.7071068
      objectReference: {fileID: 0}
    - target: {fileID: 400000, guid: 26860a6f791e14f468d4db7dd404e462, type: 3}
      propertyPath: m_LocalRotation.x
      value: -0.7071068
      objectReference: {fileID: 0}
    - target: {fileID: 400000, guid: 26860a6f791e14f468d4db7dd404e462, type: 3}
      propertyPath: m_LocalRotation.y
      value: 0
      objectReference: {fileID: 0}
    - target: {fileID: 400000, guid: 26860a6f791e14f468d4db7dd404e462, type: 3}
      propertyPath: m_LocalRotation.z
      value: 0
      objectReference: {fileID: 0}
    - target: {fileID: 400000, guid: 26860a6f791e14f468d4db7dd404e462, type: 3}
      propertyPath: m_LocalEulerAnglesHint.x
      value: -90
      objectReference: {fileID: 0}
    - target: {fileID: 400000, guid: 26860a6f791e14f468d4db7dd404e462, type: 3}
      propertyPath: m_LocalEulerAnglesHint.y
      value: 0
      objectReference: {fileID: 0}
    - target: {fileID: 400000, guid: 26860a6f791e14f468d4db7dd404e462, type: 3}
      propertyPath: m_LocalEulerAnglesHint.z
      value: 0
      objectReference: {fileID: 0}
    m_RemovedComponents: []
  m_SourcePrefab: {fileID: 100100000, guid: 26860a6f791e14f468d4db7dd404e462, type: 3}
--- !u!4 &5910972953456900536 stripped
Transform:
  m_CorrespondingSourceObject: {fileID: 400000, guid: 26860a6f791e14f468d4db7dd404e462, type: 3}
  m_PrefabInstance: {fileID: 5910972953456763704}
  m_PrefabAsset: {fileID: 0}
