%YAML 1.1
%TAG !u! tag:unity3d.com,2011:
--- !u!1 &8106720134230755442
GameObject:
  m_ObjectHideFlags: 0
  m_CorrespondingSourceObject: {fileID: 0}
  m_PrefabInstance: {fileID: 0}
  m_PrefabAsset: {fileID: 0}
  serializedVersion: 6
  m_Component:
  - component: {fileID: 3391979123509130681}
  m_Layer: 0
  m_Name: Dancefloor_lvl1
  m_TagString: Untagged
  m_Icon: {fileID: 0}
  m_NavMeshLayer: 0
  m_StaticEditorFlags: 0
  m_IsActive: 1
--- !u!4 &3391979123509130681
Transform:
  m_ObjectHideFlags: 0
  m_CorrespondingSourceObject: {fileID: 0}
  m_PrefabInstance: {fileID: 0}
  m_PrefabAsset: {fileID: 0}
  m_GameObject: {fileID: 8106720134230755442}
  m_LocalRotation: {x: 0, y: 0, z: 0, w: 1}
  m_LocalPosition: {x: 0, y: 0, z: 0}
  m_LocalScale: {x: 1, y: 1, z: 1}
  m_ConstrainProportionsScale: 0
  m_Children:
  - {fileID: 3265660584146803746}
  - {fileID: 261870722586588337}
  - {fileID: 7370858155254276653}
  - {fileID: 2349971503552470405}
  - {fileID: 3410757505224956054}
  - {fileID: 3406524989448532495}
  - {fileID: 5659848719191643897}
  - {fileID: 8755074118287429065}
  - {fileID: 212513510904186794}
  m_Father: {fileID: 0}
  m_RootOrder: 0
  m_LocalEulerAnglesHint: {x: 0, y: 0, z: 0}
--- !u!1001 &84442356445808228
PrefabInstance:
  m_ObjectHideFlags: 0
  serializedVersion: 2
  m_Modification:
    m_TransformParent: {fileID: 3391979123509130681}
    m_Modifications:
    - target: {fileID: 1288928660896525388, guid: 5097234a820dca242838503cf26fa72c, type: 3}
      propertyPath: m_Mesh
      value: 
      objectReference: {fileID: 4783956451368885910, guid: 46290a20542c415479058d007c9e7941, type: 3}
    - target: {fileID: 1863829300244784868, guid: 5097234a820dca242838503cf26fa72c, type: 3}
      propertyPath: m_Materials.Array.data[0]
      value: 
      objectReference: {fileID: 2100000, guid: 3f491c026b0243e4ab79847c95920655, type: 2}
    - target: {fileID: 1910122807768483961, guid: 5097234a820dca242838503cf26fa72c, type: 3}
      propertyPath: m_Name
      value: Dancefloor_1x1_Floor
      objectReference: {fileID: 0}
    - target: {fileID: 3204886316640868934, guid: 5097234a820dca242838503cf26fa72c, type: 3}
      propertyPath: m_RootOrder
      value: 0
      objectReference: {fileID: 0}
    - target: {fileID: 3204886316640868934, guid: 5097234a820dca242838503cf26fa72c, type: 3}
      propertyPath: m_LocalPosition.x
      value: -3.436606
      objectReference: {fileID: 0}
    - target: {fileID: 3204886316640868934, guid: 5097234a820dca242838503cf26fa72c, type: 3}
      propertyPath: m_LocalPosition.y
      value: 0.029999971
      objectReference: {fileID: 0}
    - target: {fileID: 3204886316640868934, guid: 5097234a820dca242838503cf26fa72c, type: 3}
      propertyPath: m_LocalPosition.z
      value: 1.1598532
      objectReference: {fileID: 0}
    - target: {fileID: 3204886316640868934, guid: 5097234a820dca242838503cf26fa72c, type: 3}
      propertyPath: m_LocalRotation.w
      value: 1
      objectReference: {fileID: 0}
    - target: {fileID: 3204886316640868934, guid: 5097234a820dca242838503cf26fa72c, type: 3}
      propertyPath: m_LocalRotation.x
      value: -0
      objectReference: {fileID: 0}
    - target: {fileID: 3204886316640868934, guid: 5097234a820dca242838503cf26fa72c, type: 3}
      propertyPath: m_LocalRotation.y
      value: -0
      objectReference: {fileID: 0}
    - target: {fileID: 3204886316640868934, guid: 5097234a820dca242838503cf26fa72c, type: 3}
      propertyPath: m_LocalRotation.z
      value: -0
      objectReference: {fileID: 0}
    - target: {fileID: 3204886316640868934, guid: 5097234a820dca242838503cf26fa72c, type: 3}
      propertyPath: m_LocalEulerAnglesHint.x
      value: 0
      objectReference: {fileID: 0}
    - target: {fileID: 3204886316640868934, guid: 5097234a820dca242838503cf26fa72c, type: 3}
      propertyPath: m_LocalEulerAnglesHint.y
      value: 0
      objectReference: {fileID: 0}
    - target: {fileID: 3204886316640868934, guid: 5097234a820dca242838503cf26fa72c, type: 3}
      propertyPath: m_LocalEulerAnglesHint.z
      value: 0
      objectReference: {fileID: 0}
    m_RemovedComponents: []
  m_SourcePrefab: {fileID: 100100000, guid: 5097234a820dca242838503cf26fa72c, type: 3}
--- !u!4 &3265660584146803746 stripped
Transform:
  m_CorrespondingSourceObject: {fileID: 3204886316640868934, guid: 5097234a820dca242838503cf26fa72c, type: 3}
  m_PrefabInstance: {fileID: 84442356445808228}
  m_PrefabAsset: {fileID: 0}
--- !u!1001 &229537340464153296
PrefabInstance:
  m_ObjectHideFlags: 0
  serializedVersion: 2
  m_Modification:
    m_TransformParent: {fileID: 3391979123509130681}
    m_Modifications:
    - target: {fileID: 1288928660896525388, guid: 5097234a820dca242838503cf26fa72c, type: 3}
      propertyPath: m_Mesh
      value: 
      objectReference: {fileID: 4783956451368885910, guid: 46290a20542c415479058d007c9e7941, type: 3}
    - target: {fileID: 1863829300244784868, guid: 5097234a820dca242838503cf26fa72c, type: 3}
      propertyPath: m_Materials.Array.data[0]
      value: 
      objectReference: {fileID: 2100000, guid: 3f491c026b0243e4ab79847c95920655, type: 2}
    - target: {fileID: 1910122807768483961, guid: 5097234a820dca242838503cf26fa72c, type: 3}
      propertyPath: m_Name
      value: Dancefloor_1x1_Floor (4)
      objectReference: {fileID: 0}
    - target: {fileID: 3204886316640868934, guid: 5097234a820dca242838503cf26fa72c, type: 3}
      propertyPath: m_RootOrder
      value: 4
      objectReference: {fileID: 0}
    - target: {fileID: 3204886316640868934, guid: 5097234a820dca242838503cf26fa72c, type: 3}
      propertyPath: m_LocalPosition.x
      value: 0.5654807
      objectReference: {fileID: 0}
    - target: {fileID: 3204886316640868934, guid: 5097234a820dca242838503cf26fa72c, type: 3}
      propertyPath: m_LocalPosition.y
      value: 0.03000021
      objectReference: {fileID: 0}
    - target: {fileID: 3204886316640868934, guid: 5097234a820dca242838503cf26fa72c, type: 3}
      propertyPath: m_LocalPosition.z
      value: -2.8401482
      objectReference: {fileID: 0}
    - target: {fileID: 3204886316640868934, guid: 5097234a820dca242838503cf26fa72c, type: 3}
      propertyPath: m_LocalRotation.w
      value: 1
      objectReference: {fileID: 0}
    - target: {fileID: 3204886316640868934, guid: 5097234a820dca242838503cf26fa72c, type: 3}
      propertyPath: m_LocalRotation.x
      value: -0
      objectReference: {fileID: 0}
    - target: {fileID: 3204886316640868934, guid: 5097234a820dca242838503cf26fa72c, type: 3}
      propertyPath: m_LocalRotation.y
      value: -0
      objectReference: {fileID: 0}
    - target: {fileID: 3204886316640868934, guid: 5097234a820dca242838503cf26fa72c, type: 3}
      propertyPath: m_LocalRotation.z
      value: -0
      objectReference: {fileID: 0}
    - target: {fileID: 3204886316640868934, guid: 5097234a820dca242838503cf26fa72c, type: 3}
      propertyPath: m_LocalEulerAnglesHint.x
      value: 0
      objectReference: {fileID: 0}
    - target: {fileID: 3204886316640868934, guid: 5097234a820dca242838503cf26fa72c, type: 3}
      propertyPath: m_LocalEulerAnglesHint.y
      value: 0
      objectReference: {fileID: 0}
    - target: {fileID: 3204886316640868934, guid: 5097234a820dca242838503cf26fa72c, type: 3}
      propertyPath: m_LocalEulerAnglesHint.z
      value: 0
      objectReference: {fileID: 0}
    m_RemovedComponents: []
  m_SourcePrefab: {fileID: 100100000, guid: 5097234a820dca242838503cf26fa72c, type: 3}
--- !u!4 &3410757505224956054 stripped
Transform:
  m_CorrespondingSourceObject: {fileID: 3204886316640868934, guid: 5097234a820dca242838503cf26fa72c, type: 3}
  m_PrefabInstance: {fileID: 229537340464153296}
  m_PrefabAsset: {fileID: 0}
--- !u!1001 &233170622437501001
PrefabInstance:
  m_ObjectHideFlags: 0
  serializedVersion: 2
  m_Modification:
    m_TransformParent: {fileID: 3391979123509130681}
    m_Modifications:
    - target: {fileID: 1288928660896525388, guid: 5097234a820dca242838503cf26fa72c, type: 3}
      propertyPath: m_Mesh
      value: 
      objectReference: {fileID: 4783956451368885910, guid: 46290a20542c415479058d007c9e7941, type: 3}
    - target: {fileID: 1863829300244784868, guid: 5097234a820dca242838503cf26fa72c, type: 3}
      propertyPath: m_Materials.Array.data[0]
      value: 
      objectReference: {fileID: 2100000, guid: 3f491c026b0243e4ab79847c95920655, type: 2}
    - target: {fileID: 1910122807768483961, guid: 5097234a820dca242838503cf26fa72c, type: 3}
      propertyPath: m_Name
      value: Dancefloor_1x1_Floor (5)
      objectReference: {fileID: 0}
    - target: {fileID: 3204886316640868934, guid: 5097234a820dca242838503cf26fa72c, type: 3}
      propertyPath: m_RootOrder
      value: 5
      objectReference: {fileID: 0}
    - target: {fileID: 3204886316640868934, guid: 5097234a820dca242838503cf26fa72c, type: 3}
      propertyPath: m_LocalPosition.x
      value: 0.5654807
      objectReference: {fileID: 0}
    - target: {fileID: 3204886316640868934, guid: 5097234a820dca242838503cf26fa72c, type: 3}
      propertyPath: m_LocalPosition.y
      value: 0.03000009
      objectReference: {fileID: 0}
    - target: {fileID: 3204886316640868934, guid: 5097234a820dca242838503cf26fa72c, type: 3}
      propertyPath: m_LocalPosition.z
      value: -0.84014726
      objectReference: {fileID: 0}
    - target: {fileID: 3204886316640868934, guid: 5097234a820dca242838503cf26fa72c, type: 3}
      propertyPath: m_LocalRotation.w
      value: 1
      objectReference: {fileID: 0}
    - target: {fileID: 3204886316640868934, guid: 5097234a820dca242838503cf26fa72c, type: 3}
      propertyPath: m_LocalRotation.x
      value: -0
      objectReference: {fileID: 0}
    - target: {fileID: 3204886316640868934, guid: 5097234a820dca242838503cf26fa72c, type: 3}
      propertyPath: m_LocalRotation.y
      value: -0
      objectReference: {fileID: 0}
    - target: {fileID: 3204886316640868934, guid: 5097234a820dca242838503cf26fa72c, type: 3}
      propertyPath: m_LocalRotation.z
      value: -0
      objectReference: {fileID: 0}
    - target: {fileID: 3204886316640868934, guid: 5097234a820dca242838503cf26fa72c, type: 3}
      propertyPath: m_LocalEulerAnglesHint.x
      value: 0
      objectReference: {fileID: 0}
    - target: {fileID: 3204886316640868934, guid: 5097234a820dca242838503cf26fa72c, type: 3}
      propertyPath: m_LocalEulerAnglesHint.y
      value: 0
      objectReference: {fileID: 0}
    - target: {fileID: 3204886316640868934, guid: 5097234a820dca242838503cf26fa72c, type: 3}
      propertyPath: m_LocalEulerAnglesHint.z
      value: 0
      objectReference: {fileID: 0}
    m_RemovedComponents: []
  m_SourcePrefab: {fileID: 100100000, guid: 5097234a820dca242838503cf26fa72c, type: 3}
--- !u!4 &3406524989448532495 stripped
Transform:
  m_CorrespondingSourceObject: {fileID: 3204886316640868934, guid: 5097234a820dca242838503cf26fa72c, type: 3}
  m_PrefabInstance: {fileID: 233170622437501001}
  m_PrefabAsset: {fileID: 0}
--- !u!1001 &929656590324893635
PrefabInstance:
  m_ObjectHideFlags: 0
  serializedVersion: 2
  m_Modification:
    m_TransformParent: {fileID: 3391979123509130681}
    m_Modifications:
    - target: {fileID: 1288928660896525388, guid: 5097234a820dca242838503cf26fa72c, type: 3}
      propertyPath: m_Mesh
      value: 
      objectReference: {fileID: 4783956451368885910, guid: 46290a20542c415479058d007c9e7941, type: 3}
    - target: {fileID: 1863829300244784868, guid: 5097234a820dca242838503cf26fa72c, type: 3}
      propertyPath: m_Materials.Array.data[0]
      value: 
      objectReference: {fileID: 2100000, guid: 3f491c026b0243e4ab79847c95920655, type: 2}
    - target: {fileID: 1910122807768483961, guid: 5097234a820dca242838503cf26fa72c, type: 3}
      propertyPath: m_Name
      value: Dancefloor_1x1_Floor (3)
      objectReference: {fileID: 0}
    - target: {fileID: 3204886316640868934, guid: 5097234a820dca242838503cf26fa72c, type: 3}
      propertyPath: m_RootOrder
      value: 3
      objectReference: {fileID: 0}
    - target: {fileID: 3204886316640868934, guid: 5097234a820dca242838503cf26fa72c, type: 3}
      propertyPath: m_LocalPosition.x
      value: -1.4355607
      objectReference: {fileID: 0}
    - target: {fileID: 3204886316640868934, guid: 5097234a820dca242838503cf26fa72c, type: 3}
      propertyPath: m_LocalPosition.y
      value: 0.03000021
      objectReference: {fileID: 0}
    - target: {fileID: 3204886316640868934, guid: 5097234a820dca242838503cf26fa72c, type: 3}
      propertyPath: m_LocalPosition.z
      value: -2.8401482
      objectReference: {fileID: 0}
    - target: {fileID: 3204886316640868934, guid: 5097234a820dca242838503cf26fa72c, type: 3}
      propertyPath: m_LocalRotation.w
      value: 1
      objectReference: {fileID: 0}
    - target: {fileID: 3204886316640868934, guid: 5097234a820dca242838503cf26fa72c, type: 3}
      propertyPath: m_LocalRotation.x
      value: -0
      objectReference: {fileID: 0}
    - target: {fileID: 3204886316640868934, guid: 5097234a820dca242838503cf26fa72c, type: 3}
      propertyPath: m_LocalRotation.y
      value: -0
      objectReference: {fileID: 0}
    - target: {fileID: 3204886316640868934, guid: 5097234a820dca242838503cf26fa72c, type: 3}
      propertyPath: m_LocalRotation.z
      value: -0
      objectReference: {fileID: 0}
    - target: {fileID: 3204886316640868934, guid: 5097234a820dca242838503cf26fa72c, type: 3}
      propertyPath: m_LocalEulerAnglesHint.x
      value: 0
      objectReference: {fileID: 0}
    - target: {fileID: 3204886316640868934, guid: 5097234a820dca242838503cf26fa72c, type: 3}
      propertyPath: m_LocalEulerAnglesHint.y
      value: 0
      objectReference: {fileID: 0}
    - target: {fileID: 3204886316640868934, guid: 5097234a820dca242838503cf26fa72c, type: 3}
      propertyPath: m_LocalEulerAnglesHint.z
      value: 0
      objectReference: {fileID: 0}
    m_RemovedComponents: []
  m_SourcePrefab: {fileID: 100100000, guid: 5097234a820dca242838503cf26fa72c, type: 3}
--- !u!4 &2349971503552470405 stripped
Transform:
  m_CorrespondingSourceObject: {fileID: 3204886316640868934, guid: 5097234a820dca242838503cf26fa72c, type: 3}
  m_PrefabInstance: {fileID: 929656590324893635}
  m_PrefabAsset: {fileID: 0}
--- !u!1001 &3353199261981990380
PrefabInstance:
  m_ObjectHideFlags: 0
  serializedVersion: 2
  m_Modification:
    m_TransformParent: {fileID: 3391979123509130681}
    m_Modifications:
    - target: {fileID: 1288928660896525388, guid: 5097234a820dca242838503cf26fa72c, type: 3}
      propertyPath: m_Mesh
      value: 
      objectReference: {fileID: 4783956451368885910, guid: 46290a20542c415479058d007c9e7941, type: 3}
    - target: {fileID: 1863829300244784868, guid: 5097234a820dca242838503cf26fa72c, type: 3}
      propertyPath: m_Materials.Array.data[0]
      value: 
      objectReference: {fileID: 2100000, guid: 3f491c026b0243e4ab79847c95920655, type: 2}
    - target: {fileID: 1910122807768483961, guid: 5097234a820dca242838503cf26fa72c, type: 3}
      propertyPath: m_Name
      value: Dancefloor_1x1_Floor (8)
      objectReference: {fileID: 0}
    - target: {fileID: 3204886316640868934, guid: 5097234a820dca242838503cf26fa72c, type: 3}
      propertyPath: m_RootOrder
      value: 8
      objectReference: {fileID: 0}
    - target: {fileID: 3204886316640868934, guid: 5097234a820dca242838503cf26fa72c, type: 3}
      propertyPath: m_LocalPosition.x
      value: -1.4355607
      objectReference: {fileID: 0}
    - target: {fileID: 3204886316640868934, guid: 5097234a820dca242838503cf26fa72c, type: 3}
      propertyPath: m_LocalPosition.y
      value: 0.03000009
      objectReference: {fileID: 0}
    - target: {fileID: 3204886316640868934, guid: 5097234a820dca242838503cf26fa72c, type: 3}
      propertyPath: m_LocalPosition.z
      value: -0.84014726
      objectReference: {fileID: 0}
    - target: {fileID: 3204886316640868934, guid: 5097234a820dca242838503cf26fa72c, type: 3}
      propertyPath: m_LocalRotation.w
      value: 1
      objectReference: {fileID: 0}
    - target: {fileID: 3204886316640868934, guid: 5097234a820dca242838503cf26fa72c, type: 3}
      propertyPath: m_LocalRotation.x
      value: -0
      objectReference: {fileID: 0}
    - target: {fileID: 3204886316640868934, guid: 5097234a820dca242838503cf26fa72c, type: 3}
      propertyPath: m_LocalRotation.y
      value: -0
      objectReference: {fileID: 0}
    - target: {fileID: 3204886316640868934, guid: 5097234a820dca242838503cf26fa72c, type: 3}
      propertyPath: m_LocalRotation.z
      value: -0
      objectReference: {fileID: 0}
    - target: {fileID: 3204886316640868934, guid: 5097234a820dca242838503cf26fa72c, type: 3}
      propertyPath: m_LocalEulerAnglesHint.x
      value: 0
      objectReference: {fileID: 0}
    - target: {fileID: 3204886316640868934, guid: 5097234a820dca242838503cf26fa72c, type: 3}
      propertyPath: m_LocalEulerAnglesHint.y
      value: 0
      objectReference: {fileID: 0}
    - target: {fileID: 3204886316640868934, guid: 5097234a820dca242838503cf26fa72c, type: 3}
      propertyPath: m_LocalEulerAnglesHint.z
      value: 0
      objectReference: {fileID: 0}
    m_RemovedComponents: []
  m_SourcePrefab: {fileID: 100100000, guid: 5097234a820dca242838503cf26fa72c, type: 3}
--- !u!4 &212513510904186794 stripped
Transform:
  m_CorrespondingSourceObject: {fileID: 3204886316640868934, guid: 5097234a820dca242838503cf26fa72c, type: 3}
  m_PrefabInstance: {fileID: 3353199261981990380}
  m_PrefabAsset: {fileID: 0}
--- !u!1001 &3447594674317602551
PrefabInstance:
  m_ObjectHideFlags: 0
  serializedVersion: 2
  m_Modification:
    m_TransformParent: {fileID: 3391979123509130681}
    m_Modifications:
    - target: {fileID: 1288928660896525388, guid: 5097234a820dca242838503cf26fa72c, type: 3}
      propertyPath: m_Mesh
      value: 
      objectReference: {fileID: 4783956451368885910, guid: 46290a20542c415479058d007c9e7941, type: 3}
    - target: {fileID: 1863829300244784868, guid: 5097234a820dca242838503cf26fa72c, type: 3}
      propertyPath: m_Materials.Array.data[0]
      value: 
      objectReference: {fileID: 2100000, guid: 3f491c026b0243e4ab79847c95920655, type: 2}
    - target: {fileID: 1910122807768483961, guid: 5097234a820dca242838503cf26fa72c, type: 3}
      propertyPath: m_Name
      value: Dancefloor_1x1_Floor (1)
      objectReference: {fileID: 0}
    - target: {fileID: 3204886316640868934, guid: 5097234a820dca242838503cf26fa72c, type: 3}
      propertyPath: m_RootOrder
      value: 1
      objectReference: {fileID: 0}
    - target: {fileID: 3204886316640868934, guid: 5097234a820dca242838503cf26fa72c, type: 3}
      propertyPath: m_LocalPosition.x
      value: -3.436606
      objectReference: {fileID: 0}
    - target: {fileID: 3204886316640868934, guid: 5097234a820dca242838503cf26fa72c, type: 3}
      propertyPath: m_LocalPosition.y
      value: 0.03000009
      objectReference: {fileID: 0}
    - target: {fileID: 3204886316640868934, guid: 5097234a820dca242838503cf26fa72c, type: 3}
      propertyPath: m_LocalPosition.z
      value: -0.84014726
      objectReference: {fileID: 0}
    - target: {fileID: 3204886316640868934, guid: 5097234a820dca242838503cf26fa72c, type: 3}
      propertyPath: m_LocalRotation.w
      value: 1
      objectReference: {fileID: 0}
    - target: {fileID: 3204886316640868934, guid: 5097234a820dca242838503cf26fa72c, type: 3}
      propertyPath: m_LocalRotation.x
      value: -0
      objectReference: {fileID: 0}
    - target: {fileID: 3204886316640868934, guid: 5097234a820dca242838503cf26fa72c, type: 3}
      propertyPath: m_LocalRotation.y
      value: -0
      objectReference: {fileID: 0}
    - target: {fileID: 3204886316640868934, guid: 5097234a820dca242838503cf26fa72c, type: 3}
      propertyPath: m_LocalRotation.z
      value: -0
      objectReference: {fileID: 0}
    - target: {fileID: 3204886316640868934, guid: 5097234a820dca242838503cf26fa72c, type: 3}
      propertyPath: m_LocalEulerAnglesHint.x
      value: 0
      objectReference: {fileID: 0}
    - target: {fileID: 3204886316640868934, guid: 5097234a820dca242838503cf26fa72c, type: 3}
      propertyPath: m_LocalEulerAnglesHint.y
      value: 0
      objectReference: {fileID: 0}
    - target: {fileID: 3204886316640868934, guid: 5097234a820dca242838503cf26fa72c, type: 3}
      propertyPath: m_LocalEulerAnglesHint.z
      value: 0
      objectReference: {fileID: 0}
    m_RemovedComponents: []
  m_SourcePrefab: {fileID: 100100000, guid: 5097234a820dca242838503cf26fa72c, type: 3}
--- !u!4 &261870722586588337 stripped
Transform:
  m_CorrespondingSourceObject: {fileID: 3204886316640868934, guid: 5097234a820dca242838503cf26fa72c, type: 3}
  m_PrefabInstance: {fileID: 3447594674317602551}
  m_PrefabAsset: {fileID: 0}
--- !u!1001 &5345921670133282923
PrefabInstance:
  m_ObjectHideFlags: 0
  serializedVersion: 2
  m_Modification:
    m_TransformParent: {fileID: 3391979123509130681}
    m_Modifications:
    - target: {fileID: 1288928660896525388, guid: 5097234a820dca242838503cf26fa72c, type: 3}
      propertyPath: m_Mesh
      value: 
      objectReference: {fileID: 4783956451368885910, guid: 46290a20542c415479058d007c9e7941, type: 3}
    - target: {fileID: 1863829300244784868, guid: 5097234a820dca242838503cf26fa72c, type: 3}
      propertyPath: m_Materials.Array.data[0]
      value: 
      objectReference: {fileID: 2100000, guid: 3f491c026b0243e4ab79847c95920655, type: 2}
    - target: {fileID: 1910122807768483961, guid: 5097234a820dca242838503cf26fa72c, type: 3}
      propertyPath: m_Name
      value: Dancefloor_1x1_Floor (2)
      objectReference: {fileID: 0}
    - target: {fileID: 3204886316640868934, guid: 5097234a820dca242838503cf26fa72c, type: 3}
      propertyPath: m_RootOrder
      value: 2
      objectReference: {fileID: 0}
    - target: {fileID: 3204886316640868934, guid: 5097234a820dca242838503cf26fa72c, type: 3}
      propertyPath: m_LocalPosition.x
      value: -3.436606
      objectReference: {fileID: 0}
    - target: {fileID: 3204886316640868934, guid: 5097234a820dca242838503cf26fa72c, type: 3}
      propertyPath: m_LocalPosition.y
      value: 0.03000021
      objectReference: {fileID: 0}
    - target: {fileID: 3204886316640868934, guid: 5097234a820dca242838503cf26fa72c, type: 3}
      propertyPath: m_LocalPosition.z
      value: -2.8401482
      objectReference: {fileID: 0}
    - target: {fileID: 3204886316640868934, guid: 5097234a820dca242838503cf26fa72c, type: 3}
      propertyPath: m_LocalRotation.w
      value: 1
      objectReference: {fileID: 0}
    - target: {fileID: 3204886316640868934, guid: 5097234a820dca242838503cf26fa72c, type: 3}
      propertyPath: m_LocalRotation.x
      value: -0
      objectReference: {fileID: 0}
    - target: {fileID: 3204886316640868934, guid: 5097234a820dca242838503cf26fa72c, type: 3}
      propertyPath: m_LocalRotation.y
      value: -0
      objectReference: {fileID: 0}
    - target: {fileID: 3204886316640868934, guid: 5097234a820dca242838503cf26fa72c, type: 3}
      propertyPath: m_LocalRotation.z
      value: -0
      objectReference: {fileID: 0}
    - target: {fileID: 3204886316640868934, guid: 5097234a820dca242838503cf26fa72c, type: 3}
      propertyPath: m_LocalEulerAnglesHint.x
      value: 0
      objectReference: {fileID: 0}
    - target: {fileID: 3204886316640868934, guid: 5097234a820dca242838503cf26fa72c, type: 3}
      propertyPath: m_LocalEulerAnglesHint.y
      value: 0
      objectReference: {fileID: 0}
    - target: {fileID: 3204886316640868934, guid: 5097234a820dca242838503cf26fa72c, type: 3}
      propertyPath: m_LocalEulerAnglesHint.z
      value: 0
      objectReference: {fileID: 0}
    m_RemovedComponents: []
  m_SourcePrefab: {fileID: 100100000, guid: 5097234a820dca242838503cf26fa72c, type: 3}
--- !u!4 &7370858155254276653 stripped
Transform:
  m_CorrespondingSourceObject: {fileID: 3204886316640868934, guid: 5097234a820dca242838503cf26fa72c, type: 3}
  m_PrefabInstance: {fileID: 5345921670133282923}
  m_PrefabAsset: {fileID: 0}
--- !u!1001 &6195350659699480463
PrefabInstance:
  m_ObjectHideFlags: 0
  serializedVersion: 2
  m_Modification:
    m_TransformParent: {fileID: 3391979123509130681}
    m_Modifications:
    - target: {fileID: 1288928660896525388, guid: 5097234a820dca242838503cf26fa72c, type: 3}
      propertyPath: m_Mesh
      value: 
      objectReference: {fileID: 4783956451368885910, guid: 46290a20542c415479058d007c9e7941, type: 3}
    - target: {fileID: 1863829300244784868, guid: 5097234a820dca242838503cf26fa72c, type: 3}
      propertyPath: m_Materials.Array.data[0]
      value: 
      objectReference: {fileID: 2100000, guid: 3f491c026b0243e4ab79847c95920655, type: 2}
    - target: {fileID: 1910122807768483961, guid: 5097234a820dca242838503cf26fa72c, type: 3}
      propertyPath: m_Name
      value: Dancefloor_1x1_Floor (7)
      objectReference: {fileID: 0}
    - target: {fileID: 3204886316640868934, guid: 5097234a820dca242838503cf26fa72c, type: 3}
      propertyPath: m_RootOrder
      value: 7
      objectReference: {fileID: 0}
    - target: {fileID: 3204886316640868934, guid: 5097234a820dca242838503cf26fa72c, type: 3}
      propertyPath: m_LocalPosition.x
      value: 0.5654807
      objectReference: {fileID: 0}
    - target: {fileID: 3204886316640868934, guid: 5097234a820dca242838503cf26fa72c, type: 3}
      propertyPath: m_LocalPosition.y
      value: 0.029999971
      objectReference: {fileID: 0}
    - target: {fileID: 3204886316640868934, guid: 5097234a820dca242838503cf26fa72c, type: 3}
      propertyPath: m_LocalPosition.z
      value: 1.1598537
      objectReference: {fileID: 0}
    - target: {fileID: 3204886316640868934, guid: 5097234a820dca242838503cf26fa72c, type: 3}
      propertyPath: m_LocalRotation.w
      value: 1
      objectReference: {fileID: 0}
    - target: {fileID: 3204886316640868934, guid: 5097234a820dca242838503cf26fa72c, type: 3}
      propertyPath: m_LocalRotation.x
      value: -0
      objectReference: {fileID: 0}
    - target: {fileID: 3204886316640868934, guid: 5097234a820dca242838503cf26fa72c, type: 3}
      propertyPath: m_LocalRotation.y
      value: -0
      objectReference: {fileID: 0}
    - target: {fileID: 3204886316640868934, guid: 5097234a820dca242838503cf26fa72c, type: 3}
      propertyPath: m_LocalRotation.z
      value: -0
      objectReference: {fileID: 0}
    - target: {fileID: 3204886316640868934, guid: 5097234a820dca242838503cf26fa72c, type: 3}
      propertyPath: m_LocalEulerAnglesHint.x
      value: 0
      objectReference: {fileID: 0}
    - target: {fileID: 3204886316640868934, guid: 5097234a820dca242838503cf26fa72c, type: 3}
      propertyPath: m_LocalEulerAnglesHint.y
      value: 0
      objectReference: {fileID: 0}
    - target: {fileID: 3204886316640868934, guid: 5097234a820dca242838503cf26fa72c, type: 3}
      propertyPath: m_LocalEulerAnglesHint.z
      value: 0
      objectReference: {fileID: 0}
    m_RemovedComponents: []
  m_SourcePrefab: {fileID: 100100000, guid: 5097234a820dca242838503cf26fa72c, type: 3}
--- !u!4 &8755074118287429065 stripped
Transform:
  m_CorrespondingSourceObject: {fileID: 3204886316640868934, guid: 5097234a820dca242838503cf26fa72c, type: 3}
  m_PrefabInstance: {fileID: 6195350659699480463}
  m_PrefabAsset: {fileID: 0}
--- !u!1001 &7129718776089382079
PrefabInstance:
  m_ObjectHideFlags: 0
  serializedVersion: 2
  m_Modification:
    m_TransformParent: {fileID: 3391979123509130681}
    m_Modifications:
    - target: {fileID: 1288928660896525388, guid: 5097234a820dca242838503cf26fa72c, type: 3}
      propertyPath: m_Mesh
      value: 
      objectReference: {fileID: 4783956451368885910, guid: 46290a20542c415479058d007c9e7941, type: 3}
    - target: {fileID: 1863829300244784868, guid: 5097234a820dca242838503cf26fa72c, type: 3}
      propertyPath: m_Materials.Array.data[0]
      value: 
      objectReference: {fileID: 2100000, guid: 3f491c026b0243e4ab79847c95920655, type: 2}
    - target: {fileID: 1910122807768483961, guid: 5097234a820dca242838503cf26fa72c, type: 3}
      propertyPath: m_Name
      value: Dancefloor_1x1_Floor (6)
      objectReference: {fileID: 0}
    - target: {fileID: 3204886316640868934, guid: 5097234a820dca242838503cf26fa72c, type: 3}
      propertyPath: m_RootOrder
      value: 6
      objectReference: {fileID: 0}
    - target: {fileID: 3204886316640868934, guid: 5097234a820dca242838503cf26fa72c, type: 3}
      propertyPath: m_LocalPosition.x
      value: -1.4355607
      objectReference: {fileID: 0}
    - target: {fileID: 3204886316640868934, guid: 5097234a820dca242838503cf26fa72c, type: 3}
      propertyPath: m_LocalPosition.y
      value: 0.029999971
      objectReference: {fileID: 0}
    - target: {fileID: 3204886316640868934, guid: 5097234a820dca242838503cf26fa72c, type: 3}
      propertyPath: m_LocalPosition.z
      value: 1.1598537
      objectReference: {fileID: 0}
    - target: {fileID: 3204886316640868934, guid: 5097234a820dca242838503cf26fa72c, type: 3}
      propertyPath: m_LocalRotation.w
      value: 1
      objectReference: {fileID: 0}
    - target: {fileID: 3204886316640868934, guid: 5097234a820dca242838503cf26fa72c, type: 3}
      propertyPath: m_LocalRotation.x
      value: -0
      objectReference: {fileID: 0}
    - target: {fileID: 3204886316640868934, guid: 5097234a820dca242838503cf26fa72c, type: 3}
      propertyPath: m_LocalRotation.y
      value: -0
      objectReference: {fileID: 0}
    - target: {fileID: 3204886316640868934, guid: 5097234a820dca242838503cf26fa72c, type: 3}
      propertyPath: m_LocalRotation.z
      value: -0
      objectReference: {fileID: 0}
    - target: {fileID: 3204886316640868934, guid: 5097234a820dca242838503cf26fa72c, type: 3}
      propertyPath: m_LocalEulerAnglesHint.x
      value: 0
      objectReference: {fileID: 0}
    - target: {fileID: 3204886316640868934, guid: 5097234a820dca242838503cf26fa72c, type: 3}
      propertyPath: m_LocalEulerAnglesHint.y
      value: 0
      objectReference: {fileID: 0}
    - target: {fileID: 3204886316640868934, guid: 5097234a820dca242838503cf26fa72c, type: 3}
      propertyPath: m_LocalEulerAnglesHint.z
      value: 0
      objectReference: {fileID: 0}
    m_RemovedComponents: []
  m_SourcePrefab: {fileID: 100100000, guid: 5097234a820dca242838503cf26fa72c, type: 3}
--- !u!4 &5659848719191643897 stripped
Transform:
  m_CorrespondingSourceObject: {fileID: 3204886316640868934, guid: 5097234a820dca242838503cf26fa72c, type: 3}
  m_PrefabInstance: {fileID: 7129718776089382079}
  m_PrefabAsset: {fileID: 0}
