%YAML 1.1
%TAG !u! tag:unity3d.com,2011:
--- !u!1001 &4968342392277338620
PrefabInstance:
  m_ObjectHideFlags: 0
  serializedVersion: 2
  m_Modification:
    m_TransformParent: {fileID: 0}
    m_Modifications:
    - target: {fileID: 366740940608564400, guid: a41e5980ef6f03e4cbd1eb70d72b6c11, type: 3}
      propertyPath: _service
      value: 
      objectReference: {fileID: 11400000, guid: 2bb43c32f6d3cf14b805ae55c2016f74, type: 2}
    - target: {fileID: 366740940608564400, guid: a41e5980ef6f03e4cbd1eb70d72b6c11, type: 3}
      propertyPath: _cameraTarget
      value: 
      objectReference: {fileID: 8705388319139960921}
    - target: {fileID: 1188314834752583869, guid: a41e5980ef6f03e4cbd1eb70d72b6c11, type: 3}
      propertyPath: m_LocalPosition.z
      value: 0.73
      objectReference: {fileID: 0}
    - target: {fileID: 2381525935864422920, guid: a41e5980ef6f03e4cbd1eb70d72b6c11, type: 3}
      propertyPath: m_Name
      value: R1_washbasin_2 Variant
      objectReference: {fileID: 0}
    - target: {fileID: 2903413471940764599, guid: a41e5980ef6f03e4cbd1eb70d72b6c11, type: 3}
      propertyPath: m_LocalPosition.z
      value: 0.73000145
      objectReference: {fileID: 0}
    - target: {fileID: 3962877741158378456, guid: a41e5980ef6f03e4cbd1eb70d72b6c11, type: 3}
      propertyPath: m_RootOrder
      value: 0
      objectReference: {fileID: 0}
    - target: {fileID: 3962877741158378456, guid: a41e5980ef6f03e4cbd1eb70d72b6c11, type: 3}
      propertyPath: m_LocalPosition.x
      value: -2.25
      objectReference: {fileID: 0}
    - target: {fileID: 3962877741158378456, guid: a41e5980ef6f03e4cbd1eb70d72b6c11, type: 3}
      propertyPath: m_LocalPosition.y
      value: 0.042999983
      objectReference: {fileID: 0}
    - target: {fileID: 3962877741158378456, guid: a41e5980ef6f03e4cbd1eb70d72b6c11, type: 3}
      propertyPath: m_LocalPosition.z
      value: 3.66
      objectReference: {fileID: 0}
    - target: {fileID: 3962877741158378456, guid: a41e5980ef6f03e4cbd1eb70d72b6c11, type: 3}
      propertyPath: m_LocalRotation.w
      value: 1
      objectReference: {fileID: 0}
    - target: {fileID: 3962877741158378456, guid: a41e5980ef6f03e4cbd1eb70d72b6c11, type: 3}
      propertyPath: m_LocalRotation.x
      value: -0
      objectReference: {fileID: 0}
    - target: {fileID: 3962877741158378456, guid: a41e5980ef6f03e4cbd1eb70d72b6c11, type: 3}
      propertyPath: m_LocalRotation.y
      value: -0
      objectReference: {fileID: 0}
    - target: {fileID: 3962877741158378456, guid: a41e5980ef6f03e4cbd1eb70d72b6c11, type: 3}
      propertyPath: m_LocalRotation.z
      value: -0
      objectReference: {fileID: 0}
    - target: {fileID: 3962877741158378456, guid: a41e5980ef6f03e4cbd1eb70d72b6c11, type: 3}
      propertyPath: m_LocalEulerAnglesHint.x
      value: 0
      objectReference: {fileID: 0}
    - target: {fileID: 3962877741158378456, guid: a41e5980ef6f03e4cbd1eb70d72b6c11, type: 3}
      propertyPath: m_LocalEulerAnglesHint.y
      value: 0
      objectReference: {fileID: 0}
    - target: {fileID: 3962877741158378456, guid: a41e5980ef6f03e4cbd1eb70d72b6c11, type: 3}
      propertyPath: m_LocalEulerAnglesHint.z
      value: 0
      objectReference: {fileID: 0}
    - target: {fileID: 4340583390086992293, guid: a41e5980ef6f03e4cbd1eb70d72b6c11, type: 3}
      propertyPath: cameraOrtoSize
      value: 7
      objectReference: {fileID: 0}
    - target: {fileID: 8558758139486525324, guid: a41e5980ef6f03e4cbd1eb70d72b6c11, type: 3}
      propertyPath: graphicsContainer.Array.size
      value: 10
      objectReference: {fileID: 0}
    - target: {fileID: 8558758139486525324, guid: a41e5980ef6f03e4cbd1eb70d72b6c11, type: 3}
      propertyPath: graphicsContainer.Array.data[0]
      value: 
      objectReference: {fileID: 1923545531172563377}
    - target: {fileID: 8558758139486525324, guid: a41e5980ef6f03e4cbd1eb70d72b6c11, type: 3}
      propertyPath: graphicsContainer.Array.data[1]
      value: 
      objectReference: {fileID: 870582307099083299}
    - target: {fileID: 8558758139486525324, guid: a41e5980ef6f03e4cbd1eb70d72b6c11, type: 3}
      propertyPath: graphicsContainer.Array.data[2]
      value: 
      objectReference: {fileID: 7477552405793396824}
    - target: {fileID: 8558758139486525324, guid: a41e5980ef6f03e4cbd1eb70d72b6c11, type: 3}
      propertyPath: graphicsContainer.Array.data[3]
      value: 
      objectReference: {fileID: 8444540437695782668}
    - target: {fileID: 8558758139486525324, guid: a41e5980ef6f03e4cbd1eb70d72b6c11, type: 3}
      propertyPath: graphicsContainer.Array.data[4]
      value: 
      objectReference: {fileID: 7164082273146373673}
    - target: {fileID: 8558758139486525324, guid: a41e5980ef6f03e4cbd1eb70d72b6c11, type: 3}
      propertyPath: graphicsContainer.Array.data[5]
      value: 
      objectReference: {fileID: 7965176805974176532}
    - target: {fileID: 8558758139486525324, guid: a41e5980ef6f03e4cbd1eb70d72b6c11, type: 3}
      propertyPath: graphicsContainer.Array.data[6]
      value: 
      objectReference: {fileID: 6466604843111722374}
    - target: {fileID: 8558758139486525324, guid: a41e5980ef6f03e4cbd1eb70d72b6c11, type: 3}
      propertyPath: graphicsContainer.Array.data[7]
      value: 
      objectReference: {fileID: 6683621496315363854}
    - target: {fileID: 8558758139486525324, guid: a41e5980ef6f03e4cbd1eb70d72b6c11, type: 3}
      propertyPath: graphicsContainer.Array.data[8]
      value: 
      objectReference: {fileID: 4003047427088491317}
    - target: {fileID: 8558758139486525324, guid: a41e5980ef6f03e4cbd1eb70d72b6c11, type: 3}
      propertyPath: graphicsContainer.Array.data[9]
      value: 
      objectReference: {fileID: 6561149769417883928}
    m_RemovedComponents:
    - {fileID: 7936729630900875746, guid: a41e5980ef6f03e4cbd1eb70d72b6c11, type: 3}
  m_SourcePrefab: {fileID: 100100000, guid: a41e5980ef6f03e4cbd1eb70d72b6c11, type: 3}
--- !u!1 &870582307099083299 stripped
GameObject:
  m_CorrespondingSourceObject: {fileID: 5253436784738896863, guid: a41e5980ef6f03e4cbd1eb70d72b6c11, type: 3}
  m_PrefabInstance: {fileID: 4968342392277338620}
  m_PrefabAsset: {fileID: 0}
--- !u!1 &1923545531172563377 stripped
GameObject:
  m_CorrespondingSourceObject: {fileID: 6792228051328442445, guid: a41e5980ef6f03e4cbd1eb70d72b6c11, type: 3}
  m_PrefabInstance: {fileID: 4968342392277338620}
  m_PrefabAsset: {fileID: 0}
--- !u!114 &3212193992346706283 stripped
MonoBehaviour:
  m_CorrespondingSourceObject: {fileID: 7523008639797078167, guid: a41e5980ef6f03e4cbd1eb70d72b6c11, type: 3}
  m_PrefabInstance: {fileID: 4968342392277338620}
  m_PrefabAsset: {fileID: 0}
  m_GameObject: {fileID: 0}
  m_Enabled: 1
  m_EditorHideFlags: 0
  m_Script: {fileID: 11500000, guid: d5a7a12054006f840a70cafeb9250395, type: 3}
  m_Name: 
  m_EditorClassIdentifier: 
--- !u!1 &4003047427088491317 stripped
GameObject:
  m_CorrespondingSourceObject: {fileID: 8322290887729228489, guid: a41e5980ef6f03e4cbd1eb70d72b6c11, type: 3}
  m_PrefabInstance: {fileID: 4968342392277338620}
  m_PrefabAsset: {fileID: 0}
--- !u!1 &5881149475394763225 stripped
GameObject:
  m_CorrespondingSourceObject: {fileID: 1543911536636309541, guid: a41e5980ef6f03e4cbd1eb70d72b6c11, type: 3}
  m_PrefabInstance: {fileID: 4968342392277338620}
  m_PrefabAsset: {fileID: 0}
--- !u!114 &7555520650507448029
MonoBehaviour:
  m_ObjectHideFlags: 0
  m_CorrespondingSourceObject: {fileID: 0}
  m_PrefabInstance: {fileID: 0}
  m_PrefabAsset: {fileID: 0}
  m_GameObject: {fileID: 5881149475394763225}
  m_Enabled: 1
  m_EditorHideFlags: 0
  m_Script: {fileID: 11500000, guid: 5e40b8932b2670241a24b34350a40c20, type: 3}
  m_Name: 
  m_EditorClassIdentifier: 
  addToServiceOnStart: 1
  _id: R1_washbasin_2_client_spending_zone
  _interactableObjects:
  - {fileID: 3212193992346706283}
  _service: {fileID: 11400000, guid: 539493926fbbe234b92ffc305b07394b, type: 2}
  isBooked: 0
  isActivated: 0
  _spendingMultiplier: 1
  _popUpWorldIconsScheme: {fileID: 11400000, guid: 8cde5ed4df2581e49995d75e38f8eb85, type: 2}
  requirements: {fileID: 11400000, guid: 44438207fc19d914f853c90b5a9cbcc5, type: 2}
  requirementType: Clean
  zoneLevel: 0
--- !u!1 &6466604843111722374 stripped
GameObject:
  m_CorrespondingSourceObject: {fileID: 2111880099825067130, guid: a41e5980ef6f03e4cbd1eb70d72b6c11, type: 3}
  m_PrefabInstance: {fileID: 4968342392277338620}
  m_PrefabAsset: {fileID: 0}
--- !u!1 &6561149769417883928 stripped
GameObject:
  m_CorrespondingSourceObject: {fileID: 2305557028723919076, guid: a41e5980ef6f03e4cbd1eb70d72b6c11, type: 3}
  m_PrefabInstance: {fileID: 4968342392277338620}
  m_PrefabAsset: {fileID: 0}
--- !u!1 &6683621496315363854 stripped
GameObject:
  m_CorrespondingSourceObject: {fileID: 1743991759886502898, guid: a41e5980ef6f03e4cbd1eb70d72b6c11, type: 3}
  m_PrefabInstance: {fileID: 4968342392277338620}
  m_PrefabAsset: {fileID: 0}
--- !u!1 &7164082273146373673 stripped
GameObject:
  m_CorrespondingSourceObject: {fileID: 2853302818656522197, guid: a41e5980ef6f03e4cbd1eb70d72b6c11, type: 3}
  m_PrefabInstance: {fileID: 4968342392277338620}
  m_PrefabAsset: {fileID: 0}
--- !u!1 &7477552405793396824 stripped
GameObject:
  m_CorrespondingSourceObject: {fileID: 2537359882212495780, guid: a41e5980ef6f03e4cbd1eb70d72b6c11, type: 3}
  m_PrefabInstance: {fileID: 4968342392277338620}
  m_PrefabAsset: {fileID: 0}
--- !u!1 &7965176805974176532 stripped
GameObject:
  m_CorrespondingSourceObject: {fileID: 3061012950970137320, guid: a41e5980ef6f03e4cbd1eb70d72b6c11, type: 3}
  m_PrefabInstance: {fileID: 4968342392277338620}
  m_PrefabAsset: {fileID: 0}
--- !u!1 &8444540437695782668 stripped
GameObject:
  m_CorrespondingSourceObject: {fileID: 3585447891783898864, guid: a41e5980ef6f03e4cbd1eb70d72b6c11, type: 3}
  m_PrefabInstance: {fileID: 4968342392277338620}
  m_PrefabAsset: {fileID: 0}
--- !u!114 &8705388319139960921 stripped
MonoBehaviour:
  m_CorrespondingSourceObject: {fileID: 4340583390086992293, guid: a41e5980ef6f03e4cbd1eb70d72b6c11, type: 3}
  m_PrefabInstance: {fileID: 4968342392277338620}
  m_PrefabAsset: {fileID: 0}
  m_GameObject: {fileID: 0}
  m_Enabled: 1
  m_EditorHideFlags: 0
  m_Script: {fileID: 11500000, guid: 023ff7a1f86a4a144a0d7676da711ef1, type: 3}
  m_Name: 
  m_EditorClassIdentifier: 
