%YAML 1.1
%TAG !u! tag:unity3d.com,2011:
--- !u!1 &5330739053729903115
GameObject:
  m_ObjectHideFlags: 0
  m_CorrespondingSourceObject: {fileID: 0}
  m_PrefabInstance: {fileID: 0}
  m_PrefabAsset: {fileID: 0}
  serializedVersion: 6
  m_Component:
  - component: {fileID: 7337219368188924109}
  m_Layer: 0
  m_Name: Room1_Walls_lvl1
  m_TagString: Untagged
  m_Icon: {fileID: 0}
  m_NavMeshLayer: 0
  m_StaticEditorFlags: 0
  m_IsActive: 1
--- !u!4 &7337219368188924109
Transform:
  m_ObjectHideFlags: 0
  m_CorrespondingSourceObject: {fileID: 0}
  m_PrefabInstance: {fileID: 0}
  m_PrefabAsset: {fileID: 0}
  m_GameObject: {fileID: 5330739053729903115}
  m_LocalRotation: {x: -0, y: -0, z: -0, w: 1}
  m_LocalPosition: {x: -3.2599998, y: -0.21272779, z: -1.71}
  m_LocalScale: {x: 1, y: 1, z: 1}
  m_ConstrainProportionsScale: 0
  m_Children:
  - {fileID: 5879345492661227527}
  - {fileID: 4573582551792138880}
  - {fileID: 1336685680721645976}
  - {fileID: 4671522251632625265}
  - {fileID: 1829847718989298566}
  - {fileID: 784233880895286145}
  - {fileID: 5324720054223807230}
  - {fileID: 1883240088102606910}
  - {fileID: 1586482465543017636}
  - {fileID: 151080617135542058}
  - {fileID: 5723698630288979413}
  - {fileID: 942258323824641359}
  - {fileID: 5114909603303110293}
  - {fileID: 2629933392802898701}
  - {fileID: 1736289754770943450}
  - {fileID: 1147195107654582589}
  - {fileID: 8926298003723861861}
  - {fileID: 6840177660302390981}
  - {fileID: 5434603013718794730}
  - {fileID: 1078870481324976914}
  - {fileID: 7849398149867835332}
  - {fileID: 7255886987396557588}
  m_Father: {fileID: 0}
  m_RootOrder: 0
  m_LocalEulerAnglesHint: {x: 0, y: 0, z: 0}
--- !u!1001 &241531104728720439
PrefabInstance:
  m_ObjectHideFlags: 0
  serializedVersion: 2
  m_Modification:
    m_TransformParent: {fileID: 7337219368188924109}
    m_Modifications:
    - target: {fileID: 4464880455357365502, guid: 88acc80279aa18c4685aec044b412218, type: 3}
      propertyPath: m_Name
      value: Room_Lvl_1_Wall (28)
      objectReference: {fileID: 0}
    - target: {fileID: 5712921214455051062, guid: 88acc80279aa18c4685aec044b412218, type: 3}
      propertyPath: m_Mesh
      value: 
      objectReference: {fileID: -3233881315184934465, guid: 46290a20542c415479058d007c9e7941, type: 3}
    - target: {fileID: 7487236060334165795, guid: 88acc80279aa18c4685aec044b412218, type: 3}
      propertyPath: m_RootOrder
      value: 21
      objectReference: {fileID: 0}
    - target: {fileID: 7487236060334165795, guid: 88acc80279aa18c4685aec044b412218, type: 3}
      propertyPath: m_LocalScale.z
      value: 1
      objectReference: {fileID: 0}
    - target: {fileID: 7487236060334165795, guid: 88acc80279aa18c4685aec044b412218, type: 3}
      propertyPath: m_LocalPosition.x
      value: 2.8698244
      objectReference: {fileID: 0}
    - target: {fileID: 7487236060334165795, guid: 88acc80279aa18c4685aec044b412218, type: 3}
      propertyPath: m_LocalPosition.y
      value: 0.67689943
      objectReference: {fileID: 0}
    - target: {fileID: 7487236060334165795, guid: 88acc80279aa18c4685aec044b412218, type: 3}
      propertyPath: m_LocalPosition.z
      value: 5.734821
      objectReference: {fileID: 0}
    - target: {fileID: 7487236060334165795, guid: 88acc80279aa18c4685aec044b412218, type: 3}
      propertyPath: m_LocalRotation.w
      value: -0.7071068
      objectReference: {fileID: 0}
    - target: {fileID: 7487236060334165795, guid: 88acc80279aa18c4685aec044b412218, type: 3}
      propertyPath: m_LocalRotation.x
      value: 0
      objectReference: {fileID: 0}
    - target: {fileID: 7487236060334165795, guid: 88acc80279aa18c4685aec044b412218, type: 3}
      propertyPath: m_LocalRotation.y
      value: 0.7071068
      objectReference: {fileID: 0}
    - target: {fileID: 7487236060334165795, guid: 88acc80279aa18c4685aec044b412218, type: 3}
      propertyPath: m_LocalRotation.z
      value: -0
      objectReference: {fileID: 0}
    - target: {fileID: 7487236060334165795, guid: 88acc80279aa18c4685aec044b412218, type: 3}
      propertyPath: m_LocalEulerAnglesHint.x
      value: 0
      objectReference: {fileID: 0}
    - target: {fileID: 7487236060334165795, guid: 88acc80279aa18c4685aec044b412218, type: 3}
      propertyPath: m_LocalEulerAnglesHint.y
      value: 270
      objectReference: {fileID: 0}
    - target: {fileID: 7487236060334165795, guid: 88acc80279aa18c4685aec044b412218, type: 3}
      propertyPath: m_LocalEulerAnglesHint.z
      value: 0
      objectReference: {fileID: 0}
    m_RemovedComponents: []
  m_SourcePrefab: {fileID: 100100000, guid: 88acc80279aa18c4685aec044b412218, type: 3}
--- !u!4 &7255886987396557588 stripped
Transform:
  m_CorrespondingSourceObject: {fileID: 7487236060334165795, guid: 88acc80279aa18c4685aec044b412218, type: 3}
  m_PrefabInstance: {fileID: 241531104728720439}
  m_PrefabAsset: {fileID: 0}
--- !u!1001 &794510953118793959
PrefabInstance:
  m_ObjectHideFlags: 0
  serializedVersion: 2
  m_Modification:
    m_TransformParent: {fileID: 7337219368188924109}
    m_Modifications:
    - target: {fileID: 4464880455357365502, guid: 88acc80279aa18c4685aec044b412218, type: 3}
      propertyPath: m_Name
      value: Room_Lvl_1_Wall (26)
      objectReference: {fileID: 0}
    - target: {fileID: 5712921214455051062, guid: 88acc80279aa18c4685aec044b412218, type: 3}
      propertyPath: m_Mesh
      value: 
      objectReference: {fileID: -3233881315184934465, guid: 46290a20542c415479058d007c9e7941, type: 3}
    - target: {fileID: 7487236060334165795, guid: 88acc80279aa18c4685aec044b412218, type: 3}
      propertyPath: m_RootOrder
      value: 20
      objectReference: {fileID: 0}
    - target: {fileID: 7487236060334165795, guid: 88acc80279aa18c4685aec044b412218, type: 3}
      propertyPath: m_LocalScale.z
      value: 1
      objectReference: {fileID: 0}
    - target: {fileID: 7487236060334165795, guid: 88acc80279aa18c4685aec044b412218, type: 3}
      propertyPath: m_LocalPosition.x
      value: 3.1150737
      objectReference: {fileID: 0}
    - target: {fileID: 7487236060334165795, guid: 88acc80279aa18c4685aec044b412218, type: 3}
      propertyPath: m_LocalPosition.y
      value: 0.67689896
      objectReference: {fileID: 0}
    - target: {fileID: 7487236060334165795, guid: 88acc80279aa18c4685aec044b412218, type: 3}
      propertyPath: m_LocalPosition.z
      value: -0.017373085
      objectReference: {fileID: 0}
    - target: {fileID: 7487236060334165795, guid: 88acc80279aa18c4685aec044b412218, type: 3}
      propertyPath: m_LocalRotation.w
      value: 1
      objectReference: {fileID: 0}
    - target: {fileID: 7487236060334165795, guid: 88acc80279aa18c4685aec044b412218, type: 3}
      propertyPath: m_LocalRotation.x
      value: 0
      objectReference: {fileID: 0}
    - target: {fileID: 7487236060334165795, guid: 88acc80279aa18c4685aec044b412218, type: 3}
      propertyPath: m_LocalRotation.y
      value: 0
      objectReference: {fileID: 0}
    - target: {fileID: 7487236060334165795, guid: 88acc80279aa18c4685aec044b412218, type: 3}
      propertyPath: m_LocalRotation.z
      value: 0
      objectReference: {fileID: 0}
    - target: {fileID: 7487236060334165795, guid: 88acc80279aa18c4685aec044b412218, type: 3}
      propertyPath: m_LocalEulerAnglesHint.x
      value: 0
      objectReference: {fileID: 0}
    - target: {fileID: 7487236060334165795, guid: 88acc80279aa18c4685aec044b412218, type: 3}
      propertyPath: m_LocalEulerAnglesHint.y
      value: 0
      objectReference: {fileID: 0}
    - target: {fileID: 7487236060334165795, guid: 88acc80279aa18c4685aec044b412218, type: 3}
      propertyPath: m_LocalEulerAnglesHint.z
      value: 0
      objectReference: {fileID: 0}
    m_RemovedComponents: []
  m_SourcePrefab: {fileID: 100100000, guid: 88acc80279aa18c4685aec044b412218, type: 3}
--- !u!4 &7849398149867835332 stripped
Transform:
  m_CorrespondingSourceObject: {fileID: 7487236060334165795, guid: 88acc80279aa18c4685aec044b412218, type: 3}
  m_PrefabInstance: {fileID: 794510953118793959}
  m_PrefabAsset: {fileID: 0}
--- !u!1001 &990915490205052501
PrefabInstance:
  m_ObjectHideFlags: 0
  serializedVersion: 2
  m_Modification:
    m_TransformParent: {fileID: 7337219368188924109}
    m_Modifications:
    - target: {fileID: 1574283180815352719, guid: 65fa5693894bb6e48bedd2c3e04daf82, type: 3}
      propertyPath: m_RootOrder
      value: 14
      objectReference: {fileID: 0}
    - target: {fileID: 1574283180815352719, guid: 65fa5693894bb6e48bedd2c3e04daf82, type: 3}
      propertyPath: m_LocalScale.y
      value: 1
      objectReference: {fileID: 0}
    - target: {fileID: 1574283180815352719, guid: 65fa5693894bb6e48bedd2c3e04daf82, type: 3}
      propertyPath: m_LocalPosition.x
      value: 2.864795
      objectReference: {fileID: 0}
    - target: {fileID: 1574283180815352719, guid: 65fa5693894bb6e48bedd2c3e04daf82, type: 3}
      propertyPath: m_LocalPosition.y
      value: 0.676898
      objectReference: {fileID: 0}
    - target: {fileID: 1574283180815352719, guid: 65fa5693894bb6e48bedd2c3e04daf82, type: 3}
      propertyPath: m_LocalPosition.z
      value: 5.7355022
      objectReference: {fileID: 0}
    - target: {fileID: 1574283180815352719, guid: 65fa5693894bb6e48bedd2c3e04daf82, type: 3}
      propertyPath: m_LocalRotation.w
      value: -0.7071068
      objectReference: {fileID: 0}
    - target: {fileID: 1574283180815352719, guid: 65fa5693894bb6e48bedd2c3e04daf82, type: 3}
      propertyPath: m_LocalRotation.x
      value: 0
      objectReference: {fileID: 0}
    - target: {fileID: 1574283180815352719, guid: 65fa5693894bb6e48bedd2c3e04daf82, type: 3}
      propertyPath: m_LocalRotation.y
      value: 0.7071068
      objectReference: {fileID: 0}
    - target: {fileID: 1574283180815352719, guid: 65fa5693894bb6e48bedd2c3e04daf82, type: 3}
      propertyPath: m_LocalRotation.z
      value: -0
      objectReference: {fileID: 0}
    - target: {fileID: 1574283180815352719, guid: 65fa5693894bb6e48bedd2c3e04daf82, type: 3}
      propertyPath: m_LocalEulerAnglesHint.x
      value: 0
      objectReference: {fileID: 0}
    - target: {fileID: 1574283180815352719, guid: 65fa5693894bb6e48bedd2c3e04daf82, type: 3}
      propertyPath: m_LocalEulerAnglesHint.y
      value: 270
      objectReference: {fileID: 0}
    - target: {fileID: 1574283180815352719, guid: 65fa5693894bb6e48bedd2c3e04daf82, type: 3}
      propertyPath: m_LocalEulerAnglesHint.z
      value: 0
      objectReference: {fileID: 0}
    - target: {fileID: 7325642185878991516, guid: 65fa5693894bb6e48bedd2c3e04daf82, type: 3}
      propertyPath: m_Name
      value: Room_Lvl_1_Column (9)
      objectReference: {fileID: 0}
    - target: {fileID: 8925413377668319503, guid: 65fa5693894bb6e48bedd2c3e04daf82, type: 3}
      propertyPath: m_Mesh
      value: 
      objectReference: {fileID: 1060808716636882347, guid: 46290a20542c415479058d007c9e7941, type: 3}
    m_RemovedComponents: []
  m_SourcePrefab: {fileID: 100100000, guid: 65fa5693894bb6e48bedd2c3e04daf82, type: 3}
--- !u!4 &1736289754770943450 stripped
Transform:
  m_CorrespondingSourceObject: {fileID: 1574283180815352719, guid: 65fa5693894bb6e48bedd2c3e04daf82, type: 3}
  m_PrefabInstance: {fileID: 990915490205052501}
  m_PrefabAsset: {fileID: 0}
--- !u!1001 &2020028512346026054
PrefabInstance:
  m_ObjectHideFlags: 0
  serializedVersion: 2
  m_Modification:
    m_TransformParent: {fileID: 7337219368188924109}
    m_Modifications:
    - target: {fileID: 4464880455357365502, guid: 88acc80279aa18c4685aec044b412218, type: 3}
      propertyPath: m_Name
      value: Room_Lvl_1_Wall (22)
      objectReference: {fileID: 0}
    - target: {fileID: 5712921214455051062, guid: 88acc80279aa18c4685aec044b412218, type: 3}
      propertyPath: m_Mesh
      value: 
      objectReference: {fileID: -3233881315184934465, guid: 46290a20542c415479058d007c9e7941, type: 3}
    - target: {fileID: 7487236060334165795, guid: 88acc80279aa18c4685aec044b412218, type: 3}
      propertyPath: m_RootOrder
      value: 16
      objectReference: {fileID: 0}
    - target: {fileID: 7487236060334165795, guid: 88acc80279aa18c4685aec044b412218, type: 3}
      propertyPath: m_LocalScale.z
      value: 1
      objectReference: {fileID: 0}
    - target: {fileID: 7487236060334165795, guid: 88acc80279aa18c4685aec044b412218, type: 3}
      propertyPath: m_LocalPosition.x
      value: 3.1150718
      objectReference: {fileID: 0}
    - target: {fileID: 7487236060334165795, guid: 88acc80279aa18c4685aec044b412218, type: 3}
      propertyPath: m_LocalPosition.y
      value: 0.67689824
      objectReference: {fileID: 0}
    - target: {fileID: 7487236060334165795, guid: 88acc80279aa18c4685aec044b412218, type: 3}
      propertyPath: m_LocalPosition.z
      value: 3.9847298
      objectReference: {fileID: 0}
    - target: {fileID: 7487236060334165795, guid: 88acc80279aa18c4685aec044b412218, type: 3}
      propertyPath: m_LocalRotation.w
      value: 1
      objectReference: {fileID: 0}
    - target: {fileID: 7487236060334165795, guid: 88acc80279aa18c4685aec044b412218, type: 3}
      propertyPath: m_LocalRotation.x
      value: 0
      objectReference: {fileID: 0}
    - target: {fileID: 7487236060334165795, guid: 88acc80279aa18c4685aec044b412218, type: 3}
      propertyPath: m_LocalRotation.y
      value: 0
      objectReference: {fileID: 0}
    - target: {fileID: 7487236060334165795, guid: 88acc80279aa18c4685aec044b412218, type: 3}
      propertyPath: m_LocalRotation.z
      value: 0
      objectReference: {fileID: 0}
    - target: {fileID: 7487236060334165795, guid: 88acc80279aa18c4685aec044b412218, type: 3}
      propertyPath: m_LocalEulerAnglesHint.x
      value: 0
      objectReference: {fileID: 0}
    - target: {fileID: 7487236060334165795, guid: 88acc80279aa18c4685aec044b412218, type: 3}
      propertyPath: m_LocalEulerAnglesHint.y
      value: 0
      objectReference: {fileID: 0}
    - target: {fileID: 7487236060334165795, guid: 88acc80279aa18c4685aec044b412218, type: 3}
      propertyPath: m_LocalEulerAnglesHint.z
      value: 0
      objectReference: {fileID: 0}
    m_RemovedComponents: []
  m_SourcePrefab: {fileID: 100100000, guid: 88acc80279aa18c4685aec044b412218, type: 3}
--- !u!4 &8926298003723861861 stripped
Transform:
  m_CorrespondingSourceObject: {fileID: 7487236060334165795, guid: 88acc80279aa18c4685aec044b412218, type: 3}
  m_PrefabInstance: {fileID: 2020028512346026054}
  m_PrefabAsset: {fileID: 0}
--- !u!1001 &2496940507453688042
PrefabInstance:
  m_ObjectHideFlags: 0
  serializedVersion: 2
  m_Modification:
    m_TransformParent: {fileID: 7337219368188924109}
    m_Modifications:
    - target: {fileID: 1280478863744657027, guid: a0e9169aeb50834409864c2c6ef3c09b, type: 3}
      propertyPath: m_LocalRotation.y
      value: 0
      objectReference: {fileID: 0}
    - target: {fileID: 1280478863744657027, guid: a0e9169aeb50834409864c2c6ef3c09b, type: 3}
      propertyPath: m_LocalRotation.z
      value: 0
      objectReference: {fileID: 0}
    - target: {fileID: 2165710679252651602, guid: a0e9169aeb50834409864c2c6ef3c09b, type: 3}
      propertyPath: m_LocalPosition.x
      value: -0.99925804
      objectReference: {fileID: 0}
    - target: {fileID: 2165710679252651602, guid: a0e9169aeb50834409864c2c6ef3c09b, type: 3}
      propertyPath: m_LocalPosition.y
      value: -0.0000009536743
      objectReference: {fileID: 0}
    - target: {fileID: 2165710679252651602, guid: a0e9169aeb50834409864c2c6ef3c09b, type: 3}
      propertyPath: m_LocalPosition.z
      value: 3.662386
      objectReference: {fileID: 0}
    - target: {fileID: 3437786783334960549, guid: a0e9169aeb50834409864c2c6ef3c09b, type: 3}
      propertyPath: m_RootOrder
      value: 11
      objectReference: {fileID: 0}
    - target: {fileID: 3437786783334960549, guid: a0e9169aeb50834409864c2c6ef3c09b, type: 3}
      propertyPath: m_LocalPosition.x
      value: -2.143122
      objectReference: {fileID: 0}
    - target: {fileID: 3437786783334960549, guid: a0e9169aeb50834409864c2c6ef3c09b, type: 3}
      propertyPath: m_LocalPosition.y
      value: 0.67659855
      objectReference: {fileID: 0}
    - target: {fileID: 3437786783334960549, guid: a0e9169aeb50834409864c2c6ef3c09b, type: 3}
      propertyPath: m_LocalPosition.z
      value: -4.4305706
      objectReference: {fileID: 0}
    - target: {fileID: 3437786783334960549, guid: a0e9169aeb50834409864c2c6ef3c09b, type: 3}
      propertyPath: m_LocalRotation.w
      value: 1
      objectReference: {fileID: 0}
    - target: {fileID: 3437786783334960549, guid: a0e9169aeb50834409864c2c6ef3c09b, type: 3}
      propertyPath: m_LocalRotation.x
      value: 0
      objectReference: {fileID: 0}
    - target: {fileID: 3437786783334960549, guid: a0e9169aeb50834409864c2c6ef3c09b, type: 3}
      propertyPath: m_LocalRotation.y
      value: 0
      objectReference: {fileID: 0}
    - target: {fileID: 3437786783334960549, guid: a0e9169aeb50834409864c2c6ef3c09b, type: 3}
      propertyPath: m_LocalRotation.z
      value: 0
      objectReference: {fileID: 0}
    - target: {fileID: 3437786783334960549, guid: a0e9169aeb50834409864c2c6ef3c09b, type: 3}
      propertyPath: m_LocalEulerAnglesHint.x
      value: 0
      objectReference: {fileID: 0}
    - target: {fileID: 3437786783334960549, guid: a0e9169aeb50834409864c2c6ef3c09b, type: 3}
      propertyPath: m_LocalEulerAnglesHint.y
      value: 0
      objectReference: {fileID: 0}
    - target: {fileID: 3437786783334960549, guid: a0e9169aeb50834409864c2c6ef3c09b, type: 3}
      propertyPath: m_LocalEulerAnglesHint.z
      value: 0
      objectReference: {fileID: 0}
    - target: {fileID: 3696589193188071714, guid: a0e9169aeb50834409864c2c6ef3c09b, type: 3}
      propertyPath: m_IsActive
      value: 0
      objectReference: {fileID: 0}
    - target: {fileID: 5215835377133084206, guid: a0e9169aeb50834409864c2c6ef3c09b, type: 3}
      propertyPath: m_Name
      value: L1_Door_box2 (2)
      objectReference: {fileID: 0}
    - target: {fileID: 7116071296058806289, guid: a0e9169aeb50834409864c2c6ef3c09b, type: 3}
      propertyPath: m_IsActive
      value: 0
      objectReference: {fileID: 0}
    - target: {fileID: 7194907216374355046, guid: a0e9169aeb50834409864c2c6ef3c09b, type: 3}
      propertyPath: m_IsActive
      value: 0
      objectReference: {fileID: 0}
    - target: {fileID: 7644169397510413373, guid: a0e9169aeb50834409864c2c6ef3c09b, type: 3}
      propertyPath: m_IsActive
      value: 0
      objectReference: {fileID: 0}
    m_RemovedComponents: []
  m_SourcePrefab: {fileID: 100100000, guid: a0e9169aeb50834409864c2c6ef3c09b, type: 3}
--- !u!4 &942258323824641359 stripped
Transform:
  m_CorrespondingSourceObject: {fileID: 3437786783334960549, guid: a0e9169aeb50834409864c2c6ef3c09b, type: 3}
  m_PrefabInstance: {fileID: 2496940507453688042}
  m_PrefabAsset: {fileID: 0}
--- !u!1001 &2827298749625387346
PrefabInstance:
  m_ObjectHideFlags: 0
  serializedVersion: 2
  m_Modification:
    m_TransformParent: {fileID: 7337219368188924109}
    m_Modifications:
    - target: {fileID: 4464880455357365502, guid: 88acc80279aa18c4685aec044b412218, type: 3}
      propertyPath: m_Name
      value: Room_Lvl_1_Wall (11)
      objectReference: {fileID: 0}
    - target: {fileID: 5712921214455051062, guid: 88acc80279aa18c4685aec044b412218, type: 3}
      propertyPath: m_Mesh
      value: 
      objectReference: {fileID: -3233881315184934465, guid: 46290a20542c415479058d007c9e7941, type: 3}
    - target: {fileID: 7487236060334165795, guid: 88acc80279aa18c4685aec044b412218, type: 3}
      propertyPath: m_RootOrder
      value: 3
      objectReference: {fileID: 0}
    - target: {fileID: 7487236060334165795, guid: 88acc80279aa18c4685aec044b412218, type: 3}
      propertyPath: m_LocalScale.z
      value: 1
      objectReference: {fileID: 0}
    - target: {fileID: 7487236060334165795, guid: 88acc80279aa18c4685aec044b412218, type: 3}
      propertyPath: m_LocalPosition.x
      value: -3.3932114
      objectReference: {fileID: 0}
    - target: {fileID: 7487236060334165795, guid: 88acc80279aa18c4685aec044b412218, type: 3}
      propertyPath: m_LocalPosition.y
      value: 0.6768993
      objectReference: {fileID: 0}
    - target: {fileID: 7487236060334165795, guid: 88acc80279aa18c4685aec044b412218, type: 3}
      propertyPath: m_LocalPosition.z
      value: 4.9845614
      objectReference: {fileID: 0}
    - target: {fileID: 7487236060334165795, guid: 88acc80279aa18c4685aec044b412218, type: 3}
      propertyPath: m_LocalRotation.w
      value: 0
      objectReference: {fileID: 0}
    - target: {fileID: 7487236060334165795, guid: 88acc80279aa18c4685aec044b412218, type: 3}
      propertyPath: m_LocalRotation.x
      value: 0
      objectReference: {fileID: 0}
    - target: {fileID: 7487236060334165795, guid: 88acc80279aa18c4685aec044b412218, type: 3}
      propertyPath: m_LocalRotation.y
      value: 1
      objectReference: {fileID: 0}
    - target: {fileID: 7487236060334165795, guid: 88acc80279aa18c4685aec044b412218, type: 3}
      propertyPath: m_LocalRotation.z
      value: 0
      objectReference: {fileID: 0}
    - target: {fileID: 7487236060334165795, guid: 88acc80279aa18c4685aec044b412218, type: 3}
      propertyPath: m_LocalEulerAnglesHint.x
      value: 0
      objectReference: {fileID: 0}
    - target: {fileID: 7487236060334165795, guid: 88acc80279aa18c4685aec044b412218, type: 3}
      propertyPath: m_LocalEulerAnglesHint.y
      value: 180
      objectReference: {fileID: 0}
    - target: {fileID: 7487236060334165795, guid: 88acc80279aa18c4685aec044b412218, type: 3}
      propertyPath: m_LocalEulerAnglesHint.z
      value: 0
      objectReference: {fileID: 0}
    m_RemovedComponents: []
  m_SourcePrefab: {fileID: 100100000, guid: 88acc80279aa18c4685aec044b412218, type: 3}
--- !u!4 &4671522251632625265 stripped
Transform:
  m_CorrespondingSourceObject: {fileID: 7487236060334165795, guid: 88acc80279aa18c4685aec044b412218, type: 3}
  m_PrefabInstance: {fileID: 2827298749625387346}
  m_PrefabAsset: {fileID: 0}
--- !u!1001 &2920206208867842806
PrefabInstance:
  m_ObjectHideFlags: 0
  serializedVersion: 2
  m_Modification:
    m_TransformParent: {fileID: 7337219368188924109}
    m_Modifications:
    - target: {fileID: 4464880455357365502, guid: 88acc80279aa18c4685aec044b412218, type: 3}
      propertyPath: m_Name
      value: Room_Lvl_1_Wall (17)
      objectReference: {fileID: 0}
    - target: {fileID: 5712921214455051062, guid: 88acc80279aa18c4685aec044b412218, type: 3}
      propertyPath: m_Mesh
      value: 
      objectReference: {fileID: -3233881315184934465, guid: 46290a20542c415479058d007c9e7941, type: 3}
    - target: {fileID: 7487236060334165795, guid: 88acc80279aa18c4685aec044b412218, type: 3}
      propertyPath: m_RootOrder
      value: 10
      objectReference: {fileID: 0}
    - target: {fileID: 7487236060334165795, guid: 88acc80279aa18c4685aec044b412218, type: 3}
      propertyPath: m_LocalScale.z
      value: 1
      objectReference: {fileID: 0}
    - target: {fileID: 7487236060334165795, guid: 88acc80279aa18c4685aec044b412218, type: 3}
      propertyPath: m_LocalPosition.x
      value: -3.3932076
      objectReference: {fileID: 0}
    - target: {fileID: 7487236060334165795, guid: 88acc80279aa18c4685aec044b412218, type: 3}
      propertyPath: m_LocalPosition.y
      value: 0.67689955
      objectReference: {fileID: 0}
    - target: {fileID: 7487236060334165795, guid: 88acc80279aa18c4685aec044b412218, type: 3}
      propertyPath: m_LocalPosition.z
      value: 1.9829822
      objectReference: {fileID: 0}
    - target: {fileID: 7487236060334165795, guid: 88acc80279aa18c4685aec044b412218, type: 3}
      propertyPath: m_LocalRotation.w
      value: 0
      objectReference: {fileID: 0}
    - target: {fileID: 7487236060334165795, guid: 88acc80279aa18c4685aec044b412218, type: 3}
      propertyPath: m_LocalRotation.x
      value: 0
      objectReference: {fileID: 0}
    - target: {fileID: 7487236060334165795, guid: 88acc80279aa18c4685aec044b412218, type: 3}
      propertyPath: m_LocalRotation.y
      value: 1
      objectReference: {fileID: 0}
    - target: {fileID: 7487236060334165795, guid: 88acc80279aa18c4685aec044b412218, type: 3}
      propertyPath: m_LocalRotation.z
      value: 0
      objectReference: {fileID: 0}
    - target: {fileID: 7487236060334165795, guid: 88acc80279aa18c4685aec044b412218, type: 3}
      propertyPath: m_LocalEulerAnglesHint.x
      value: 0
      objectReference: {fileID: 0}
    - target: {fileID: 7487236060334165795, guid: 88acc80279aa18c4685aec044b412218, type: 3}
      propertyPath: m_LocalEulerAnglesHint.y
      value: 180
      objectReference: {fileID: 0}
    - target: {fileID: 7487236060334165795, guid: 88acc80279aa18c4685aec044b412218, type: 3}
      propertyPath: m_LocalEulerAnglesHint.z
      value: 0
      objectReference: {fileID: 0}
    m_RemovedComponents: []
  m_SourcePrefab: {fileID: 100100000, guid: 88acc80279aa18c4685aec044b412218, type: 3}
--- !u!4 &5723698630288979413 stripped
Transform:
  m_CorrespondingSourceObject: {fileID: 7487236060334165795, guid: 88acc80279aa18c4685aec044b412218, type: 3}
  m_PrefabInstance: {fileID: 2920206208867842806}
  m_PrefabAsset: {fileID: 0}
--- !u!1001 &3207573534894157513
PrefabInstance:
  m_ObjectHideFlags: 0
  serializedVersion: 2
  m_Modification:
    m_TransformParent: {fileID: 7337219368188924109}
    m_Modifications:
    - target: {fileID: 4464880455357365502, guid: 88acc80279aa18c4685aec044b412218, type: 3}
      propertyPath: m_Name
      value: Room_Lvl_1_Wall (24)
      objectReference: {fileID: 0}
    - target: {fileID: 5712921214455051062, guid: 88acc80279aa18c4685aec044b412218, type: 3}
      propertyPath: m_Mesh
      value: 
      objectReference: {fileID: -3233881315184934465, guid: 46290a20542c415479058d007c9e7941, type: 3}
    - target: {fileID: 7487236060334165795, guid: 88acc80279aa18c4685aec044b412218, type: 3}
      propertyPath: m_RootOrder
      value: 18
      objectReference: {fileID: 0}
    - target: {fileID: 7487236060334165795, guid: 88acc80279aa18c4685aec044b412218, type: 3}
      propertyPath: m_LocalScale.z
      value: 1
      objectReference: {fileID: 0}
    - target: {fileID: 7487236060334165795, guid: 88acc80279aa18c4685aec044b412218, type: 3}
      propertyPath: m_LocalPosition.x
      value: 3.1150727
      objectReference: {fileID: 0}
    - target: {fileID: 7487236060334165795, guid: 88acc80279aa18c4685aec044b412218, type: 3}
      propertyPath: m_LocalPosition.y
      value: 0.6768985
      objectReference: {fileID: 0}
    - target: {fileID: 7487236060334165795, guid: 88acc80279aa18c4685aec044b412218, type: 3}
      propertyPath: m_LocalPosition.z
      value: 1.9836779
      objectReference: {fileID: 0}
    - target: {fileID: 7487236060334165795, guid: 88acc80279aa18c4685aec044b412218, type: 3}
      propertyPath: m_LocalRotation.w
      value: 1
      objectReference: {fileID: 0}
    - target: {fileID: 7487236060334165795, guid: 88acc80279aa18c4685aec044b412218, type: 3}
      propertyPath: m_LocalRotation.x
      value: 0
      objectReference: {fileID: 0}
    - target: {fileID: 7487236060334165795, guid: 88acc80279aa18c4685aec044b412218, type: 3}
      propertyPath: m_LocalRotation.y
      value: 0
      objectReference: {fileID: 0}
    - target: {fileID: 7487236060334165795, guid: 88acc80279aa18c4685aec044b412218, type: 3}
      propertyPath: m_LocalRotation.z
      value: 0
      objectReference: {fileID: 0}
    - target: {fileID: 7487236060334165795, guid: 88acc80279aa18c4685aec044b412218, type: 3}
      propertyPath: m_LocalEulerAnglesHint.x
      value: 0
      objectReference: {fileID: 0}
    - target: {fileID: 7487236060334165795, guid: 88acc80279aa18c4685aec044b412218, type: 3}
      propertyPath: m_LocalEulerAnglesHint.y
      value: 0
      objectReference: {fileID: 0}
    - target: {fileID: 7487236060334165795, guid: 88acc80279aa18c4685aec044b412218, type: 3}
      propertyPath: m_LocalEulerAnglesHint.z
      value: 0
      objectReference: {fileID: 0}
    m_RemovedComponents: []
  m_SourcePrefab: {fileID: 100100000, guid: 88acc80279aa18c4685aec044b412218, type: 3}
--- !u!4 &5434603013718794730 stripped
Transform:
  m_CorrespondingSourceObject: {fileID: 7487236060334165795, guid: 88acc80279aa18c4685aec044b412218, type: 3}
  m_PrefabInstance: {fileID: 3207573534894157513}
  m_PrefabAsset: {fileID: 0}
--- !u!1001 &3291506636811207311
PrefabInstance:
  m_ObjectHideFlags: 0
  serializedVersion: 2
  m_Modification:
    m_TransformParent: {fileID: 7337219368188924109}
    m_Modifications:
    - target: {fileID: 1280478863744657027, guid: a0e9169aeb50834409864c2c6ef3c09b, type: 3}
      propertyPath: m_LocalRotation.y
      value: 0
      objectReference: {fileID: 0}
    - target: {fileID: 1280478863744657027, guid: a0e9169aeb50834409864c2c6ef3c09b, type: 3}
      propertyPath: m_LocalRotation.z
      value: 0
      objectReference: {fileID: 0}
    - target: {fileID: 3437786783334960549, guid: a0e9169aeb50834409864c2c6ef3c09b, type: 3}
      propertyPath: m_RootOrder
      value: 9
      objectReference: {fileID: 0}
    - target: {fileID: 3437786783334960549, guid: a0e9169aeb50834409864c2c6ef3c09b, type: 3}
      propertyPath: m_LocalPosition.x
      value: 0.36551014
      objectReference: {fileID: 0}
    - target: {fileID: 3437786783334960549, guid: a0e9169aeb50834409864c2c6ef3c09b, type: 3}
      propertyPath: m_LocalPosition.y
      value: 0.6765969
      objectReference: {fileID: 0}
    - target: {fileID: 3437786783334960549, guid: a0e9169aeb50834409864c2c6ef3c09b, type: 3}
      propertyPath: m_LocalPosition.z
      value: 5.7418838
      objectReference: {fileID: 0}
    - target: {fileID: 3437786783334960549, guid: a0e9169aeb50834409864c2c6ef3c09b, type: 3}
      propertyPath: m_LocalRotation.w
      value: 0
      objectReference: {fileID: 0}
    - target: {fileID: 3437786783334960549, guid: a0e9169aeb50834409864c2c6ef3c09b, type: 3}
      propertyPath: m_LocalRotation.x
      value: 0
      objectReference: {fileID: 0}
    - target: {fileID: 3437786783334960549, guid: a0e9169aeb50834409864c2c6ef3c09b, type: 3}
      propertyPath: m_LocalRotation.y
      value: 1
      objectReference: {fileID: 0}
    - target: {fileID: 3437786783334960549, guid: a0e9169aeb50834409864c2c6ef3c09b, type: 3}
      propertyPath: m_LocalRotation.z
      value: 0
      objectReference: {fileID: 0}
    - target: {fileID: 3437786783334960549, guid: a0e9169aeb50834409864c2c6ef3c09b, type: 3}
      propertyPath: m_LocalEulerAnglesHint.x
      value: 0
      objectReference: {fileID: 0}
    - target: {fileID: 3437786783334960549, guid: a0e9169aeb50834409864c2c6ef3c09b, type: 3}
      propertyPath: m_LocalEulerAnglesHint.y
      value: 180
      objectReference: {fileID: 0}
    - target: {fileID: 3437786783334960549, guid: a0e9169aeb50834409864c2c6ef3c09b, type: 3}
      propertyPath: m_LocalEulerAnglesHint.z
      value: 0
      objectReference: {fileID: 0}
    - target: {fileID: 5215835377133084206, guid: a0e9169aeb50834409864c2c6ef3c09b, type: 3}
      propertyPath: m_Name
      value: L1_Door_box2 (1)
      objectReference: {fileID: 0}
    m_RemovedComponents: []
  m_SourcePrefab: {fileID: 100100000, guid: a0e9169aeb50834409864c2c6ef3c09b, type: 3}
--- !u!4 &151080617135542058 stripped
Transform:
  m_CorrespondingSourceObject: {fileID: 3437786783334960549, guid: a0e9169aeb50834409864c2c6ef3c09b, type: 3}
  m_PrefabInstance: {fileID: 3291506636811207311}
  m_PrefabAsset: {fileID: 0}
--- !u!1001 &4108743906153495014
PrefabInstance:
  m_ObjectHideFlags: 0
  serializedVersion: 2
  m_Modification:
    m_TransformParent: {fileID: 7337219368188924109}
    m_Modifications:
    - target: {fileID: 4464880455357365502, guid: 88acc80279aa18c4685aec044b412218, type: 3}
      propertyPath: m_Name
      value: Room_Lvl_1_Wall (23)
      objectReference: {fileID: 0}
    - target: {fileID: 5712921214455051062, guid: 88acc80279aa18c4685aec044b412218, type: 3}
      propertyPath: m_Mesh
      value: 
      objectReference: {fileID: -3233881315184934465, guid: 46290a20542c415479058d007c9e7941, type: 3}
    - target: {fileID: 7487236060334165795, guid: 88acc80279aa18c4685aec044b412218, type: 3}
      propertyPath: m_RootOrder
      value: 17
      objectReference: {fileID: 0}
    - target: {fileID: 7487236060334165795, guid: 88acc80279aa18c4685aec044b412218, type: 3}
      propertyPath: m_LocalScale.z
      value: 1
      objectReference: {fileID: 0}
    - target: {fileID: 7487236060334165795, guid: 88acc80279aa18c4685aec044b412218, type: 3}
      propertyPath: m_LocalPosition.x
      value: 3.1150723
      objectReference: {fileID: 0}
    - target: {fileID: 7487236060334165795, guid: 88acc80279aa18c4685aec044b412218, type: 3}
      propertyPath: m_LocalPosition.y
      value: 0.67689824
      objectReference: {fileID: 0}
    - target: {fileID: 7487236060334165795, guid: 88acc80279aa18c4685aec044b412218, type: 3}
      propertyPath: m_LocalPosition.z
      value: 2.9842033
      objectReference: {fileID: 0}
    - target: {fileID: 7487236060334165795, guid: 88acc80279aa18c4685aec044b412218, type: 3}
      propertyPath: m_LocalRotation.w
      value: 1
      objectReference: {fileID: 0}
    - target: {fileID: 7487236060334165795, guid: 88acc80279aa18c4685aec044b412218, type: 3}
      propertyPath: m_LocalRotation.x
      value: 0
      objectReference: {fileID: 0}
    - target: {fileID: 7487236060334165795, guid: 88acc80279aa18c4685aec044b412218, type: 3}
      propertyPath: m_LocalRotation.y
      value: 0
      objectReference: {fileID: 0}
    - target: {fileID: 7487236060334165795, guid: 88acc80279aa18c4685aec044b412218, type: 3}
      propertyPath: m_LocalRotation.z
      value: 0
      objectReference: {fileID: 0}
    - target: {fileID: 7487236060334165795, guid: 88acc80279aa18c4685aec044b412218, type: 3}
      propertyPath: m_LocalEulerAnglesHint.x
      value: 0
      objectReference: {fileID: 0}
    - target: {fileID: 7487236060334165795, guid: 88acc80279aa18c4685aec044b412218, type: 3}
      propertyPath: m_LocalEulerAnglesHint.y
      value: 0
      objectReference: {fileID: 0}
    - target: {fileID: 7487236060334165795, guid: 88acc80279aa18c4685aec044b412218, type: 3}
      propertyPath: m_LocalEulerAnglesHint.z
      value: 0
      objectReference: {fileID: 0}
    m_RemovedComponents: []
  m_SourcePrefab: {fileID: 100100000, guid: 88acc80279aa18c4685aec044b412218, type: 3}
--- !u!4 &6840177660302390981 stripped
Transform:
  m_CorrespondingSourceObject: {fileID: 7487236060334165795, guid: 88acc80279aa18c4685aec044b412218, type: 3}
  m_PrefabInstance: {fileID: 4108743906153495014}
  m_PrefabAsset: {fileID: 0}
--- !u!1001 &4870475851927579694
PrefabInstance:
  m_ObjectHideFlags: 0
  serializedVersion: 2
  m_Modification:
    m_TransformParent: {fileID: 7337219368188924109}
    m_Modifications:
    - target: {fileID: 4464880455357365502, guid: 88acc80279aa18c4685aec044b412218, type: 3}
      propertyPath: m_Name
      value: Room_Lvl_1_Wall (14)
      objectReference: {fileID: 0}
    - target: {fileID: 5712921214455051062, guid: 88acc80279aa18c4685aec044b412218, type: 3}
      propertyPath: m_Mesh
      value: 
      objectReference: {fileID: -3233881315184934465, guid: 46290a20542c415479058d007c9e7941, type: 3}
    - target: {fileID: 7487236060334165795, guid: 88acc80279aa18c4685aec044b412218, type: 3}
      propertyPath: m_RootOrder
      value: 13
      objectReference: {fileID: 0}
    - target: {fileID: 7487236060334165795, guid: 88acc80279aa18c4685aec044b412218, type: 3}
      propertyPath: m_LocalScale.z
      value: 1
      objectReference: {fileID: 0}
    - target: {fileID: 7487236060334165795, guid: 88acc80279aa18c4685aec044b412218, type: 3}
      propertyPath: m_LocalPosition.x
      value: -2.6429548
      objectReference: {fileID: 0}
    - target: {fileID: 7487236060334165795, guid: 88acc80279aa18c4685aec044b412218, type: 3}
      propertyPath: m_LocalPosition.y
      value: 0.6768992
      objectReference: {fileID: 0}
    - target: {fileID: 7487236060334165795, guid: 88acc80279aa18c4685aec044b412218, type: 3}
      propertyPath: m_LocalPosition.z
      value: 5.734819
      objectReference: {fileID: 0}
    - target: {fileID: 7487236060334165795, guid: 88acc80279aa18c4685aec044b412218, type: 3}
      propertyPath: m_LocalRotation.w
      value: -0.7071068
      objectReference: {fileID: 0}
    - target: {fileID: 7487236060334165795, guid: 88acc80279aa18c4685aec044b412218, type: 3}
      propertyPath: m_LocalRotation.x
      value: 0
      objectReference: {fileID: 0}
    - target: {fileID: 7487236060334165795, guid: 88acc80279aa18c4685aec044b412218, type: 3}
      propertyPath: m_LocalRotation.y
      value: 0.7071068
      objectReference: {fileID: 0}
    - target: {fileID: 7487236060334165795, guid: 88acc80279aa18c4685aec044b412218, type: 3}
      propertyPath: m_LocalRotation.z
      value: -0
      objectReference: {fileID: 0}
    - target: {fileID: 7487236060334165795, guid: 88acc80279aa18c4685aec044b412218, type: 3}
      propertyPath: m_LocalEulerAnglesHint.x
      value: 0
      objectReference: {fileID: 0}
    - target: {fileID: 7487236060334165795, guid: 88acc80279aa18c4685aec044b412218, type: 3}
      propertyPath: m_LocalEulerAnglesHint.y
      value: 270
      objectReference: {fileID: 0}
    - target: {fileID: 7487236060334165795, guid: 88acc80279aa18c4685aec044b412218, type: 3}
      propertyPath: m_LocalEulerAnglesHint.z
      value: 0
      objectReference: {fileID: 0}
    m_RemovedComponents: []
  m_SourcePrefab: {fileID: 100100000, guid: 88acc80279aa18c4685aec044b412218, type: 3}
--- !u!4 &2629933392802898701 stripped
Transform:
  m_CorrespondingSourceObject: {fileID: 7487236060334165795, guid: 88acc80279aa18c4685aec044b412218, type: 3}
  m_PrefabInstance: {fileID: 4870475851927579694}
  m_PrefabAsset: {fileID: 0}
--- !u!1001 &4922253682394977160
PrefabInstance:
  m_ObjectHideFlags: 0
  serializedVersion: 2
  m_Modification:
    m_TransformParent: {fileID: 7337219368188924109}
    m_Modifications:
    - target: {fileID: 1574283180815352719, guid: 65fa5693894bb6e48bedd2c3e04daf82, type: 3}
      propertyPath: m_RootOrder
      value: 0
      objectReference: {fileID: 0}
    - target: {fileID: 1574283180815352719, guid: 65fa5693894bb6e48bedd2c3e04daf82, type: 3}
      propertyPath: m_LocalScale.y
      value: 1
      objectReference: {fileID: 0}
    - target: {fileID: 1574283180815352719, guid: 65fa5693894bb6e48bedd2c3e04daf82, type: 3}
      propertyPath: m_LocalPosition.x
      value: -2.1414769
      objectReference: {fileID: 0}
    - target: {fileID: 1574283180815352719, guid: 65fa5693894bb6e48bedd2c3e04daf82, type: 3}
      propertyPath: m_LocalPosition.y
      value: 0.6768992
      objectReference: {fileID: 0}
    - target: {fileID: 1574283180815352719, guid: 65fa5693894bb6e48bedd2c3e04daf82, type: 3}
      propertyPath: m_LocalPosition.z
      value: 5.7348194
      objectReference: {fileID: 0}
    - target: {fileID: 1574283180815352719, guid: 65fa5693894bb6e48bedd2c3e04daf82, type: 3}
      propertyPath: m_LocalRotation.w
      value: -0.7071068
      objectReference: {fileID: 0}
    - target: {fileID: 1574283180815352719, guid: 65fa5693894bb6e48bedd2c3e04daf82, type: 3}
      propertyPath: m_LocalRotation.x
      value: 0
      objectReference: {fileID: 0}
    - target: {fileID: 1574283180815352719, guid: 65fa5693894bb6e48bedd2c3e04daf82, type: 3}
      propertyPath: m_LocalRotation.y
      value: 0.7071068
      objectReference: {fileID: 0}
    - target: {fileID: 1574283180815352719, guid: 65fa5693894bb6e48bedd2c3e04daf82, type: 3}
      propertyPath: m_LocalRotation.z
      value: -0
      objectReference: {fileID: 0}
    - target: {fileID: 1574283180815352719, guid: 65fa5693894bb6e48bedd2c3e04daf82, type: 3}
      propertyPath: m_LocalEulerAnglesHint.x
      value: 0
      objectReference: {fileID: 0}
    - target: {fileID: 1574283180815352719, guid: 65fa5693894bb6e48bedd2c3e04daf82, type: 3}
      propertyPath: m_LocalEulerAnglesHint.y
      value: 270
      objectReference: {fileID: 0}
    - target: {fileID: 1574283180815352719, guid: 65fa5693894bb6e48bedd2c3e04daf82, type: 3}
      propertyPath: m_LocalEulerAnglesHint.z
      value: 0
      objectReference: {fileID: 0}
    - target: {fileID: 7325642185878991516, guid: 65fa5693894bb6e48bedd2c3e04daf82, type: 3}
      propertyPath: m_Name
      value: Room_Lvl_1_Column (1)
      objectReference: {fileID: 0}
    - target: {fileID: 8925413377668319503, guid: 65fa5693894bb6e48bedd2c3e04daf82, type: 3}
      propertyPath: m_Mesh
      value: 
      objectReference: {fileID: 1060808716636882347, guid: f79e6ef275c347b409e7f44df2360f91, type: 3}
    m_RemovedComponents: []
  m_SourcePrefab: {fileID: 100100000, guid: 65fa5693894bb6e48bedd2c3e04daf82, type: 3}
--- !u!4 &5879345492661227527 stripped
Transform:
  m_CorrespondingSourceObject: {fileID: 1574283180815352719, guid: 65fa5693894bb6e48bedd2c3e04daf82, type: 3}
  m_PrefabInstance: {fileID: 4922253682394977160}
  m_PrefabAsset: {fileID: 0}
--- !u!1001 &5990690312488662298
PrefabInstance:
  m_ObjectHideFlags: 0
  serializedVersion: 2
  m_Modification:
    m_TransformParent: {fileID: 7337219368188924109}
    m_Modifications:
    - target: {fileID: 1574283180815352719, guid: 65fa5693894bb6e48bedd2c3e04daf82, type: 3}
      propertyPath: m_RootOrder
      value: 12
      objectReference: {fileID: 0}
    - target: {fileID: 1574283180815352719, guid: 65fa5693894bb6e48bedd2c3e04daf82, type: 3}
      propertyPath: m_LocalScale.y
      value: 1
      objectReference: {fileID: 0}
    - target: {fileID: 1574283180815352719, guid: 65fa5693894bb6e48bedd2c3e04daf82, type: 3}
      propertyPath: m_LocalPosition.x
      value: -0.13175344
      objectReference: {fileID: 0}
    - target: {fileID: 1574283180815352719, guid: 65fa5693894bb6e48bedd2c3e04daf82, type: 3}
      propertyPath: m_LocalPosition.y
      value: 0.6768992
      objectReference: {fileID: 0}
    - target: {fileID: 1574283180815352719, guid: 65fa5693894bb6e48bedd2c3e04daf82, type: 3}
      propertyPath: m_LocalPosition.z
      value: 5.7348194
      objectReference: {fileID: 0}
    - target: {fileID: 1574283180815352719, guid: 65fa5693894bb6e48bedd2c3e04daf82, type: 3}
      propertyPath: m_LocalRotation.w
      value: -0.7071068
      objectReference: {fileID: 0}
    - target: {fileID: 1574283180815352719, guid: 65fa5693894bb6e48bedd2c3e04daf82, type: 3}
      propertyPath: m_LocalRotation.x
      value: 0
      objectReference: {fileID: 0}
    - target: {fileID: 1574283180815352719, guid: 65fa5693894bb6e48bedd2c3e04daf82, type: 3}
      propertyPath: m_LocalRotation.y
      value: 0.7071068
      objectReference: {fileID: 0}
    - target: {fileID: 1574283180815352719, guid: 65fa5693894bb6e48bedd2c3e04daf82, type: 3}
      propertyPath: m_LocalRotation.z
      value: -0
      objectReference: {fileID: 0}
    - target: {fileID: 1574283180815352719, guid: 65fa5693894bb6e48bedd2c3e04daf82, type: 3}
      propertyPath: m_LocalEulerAnglesHint.x
      value: 0
      objectReference: {fileID: 0}
    - target: {fileID: 1574283180815352719, guid: 65fa5693894bb6e48bedd2c3e04daf82, type: 3}
      propertyPath: m_LocalEulerAnglesHint.y
      value: 270
      objectReference: {fileID: 0}
    - target: {fileID: 1574283180815352719, guid: 65fa5693894bb6e48bedd2c3e04daf82, type: 3}
      propertyPath: m_LocalEulerAnglesHint.z
      value: 0
      objectReference: {fileID: 0}
    - target: {fileID: 7325642185878991516, guid: 65fa5693894bb6e48bedd2c3e04daf82, type: 3}
      propertyPath: m_Name
      value: Room_Lvl_1_Column (4)
      objectReference: {fileID: 0}
    - target: {fileID: 8925413377668319503, guid: 65fa5693894bb6e48bedd2c3e04daf82, type: 3}
      propertyPath: m_Mesh
      value: 
      objectReference: {fileID: 1060808716636882347, guid: f79e6ef275c347b409e7f44df2360f91, type: 3}
    m_RemovedComponents: []
  m_SourcePrefab: {fileID: 100100000, guid: 65fa5693894bb6e48bedd2c3e04daf82, type: 3}
--- !u!4 &5114909603303110293 stripped
Transform:
  m_CorrespondingSourceObject: {fileID: 1574283180815352719, guid: 65fa5693894bb6e48bedd2c3e04daf82, type: 3}
  m_PrefabInstance: {fileID: 5990690312488662298}
  m_PrefabAsset: {fileID: 0}
--- !u!1001 &6381777273720681891
PrefabInstance:
  m_ObjectHideFlags: 0
  serializedVersion: 2
  m_Modification:
    m_TransformParent: {fileID: 7337219368188924109}
    m_Modifications:
    - target: {fileID: 4464880455357365502, guid: 88acc80279aa18c4685aec044b412218, type: 3}
      propertyPath: m_Name
      value: Room_Lvl_1_Wall (9)
      objectReference: {fileID: 0}
    - target: {fileID: 5712921214455051062, guid: 88acc80279aa18c4685aec044b412218, type: 3}
      propertyPath: m_Mesh
      value: 
      objectReference: {fileID: -3233881315184934465, guid: 46290a20542c415479058d007c9e7941, type: 3}
    - target: {fileID: 7487236060334165795, guid: 88acc80279aa18c4685aec044b412218, type: 3}
      propertyPath: m_RootOrder
      value: 1
      objectReference: {fileID: 0}
    - target: {fileID: 7487236060334165795, guid: 88acc80279aa18c4685aec044b412218, type: 3}
      propertyPath: m_LocalScale.z
      value: 1
      objectReference: {fileID: 0}
    - target: {fileID: 7487236060334165795, guid: 88acc80279aa18c4685aec044b412218, type: 3}
      propertyPath: m_LocalPosition.x
      value: 1.8692985
      objectReference: {fileID: 0}
    - target: {fileID: 7487236060334165795, guid: 88acc80279aa18c4685aec044b412218, type: 3}
      propertyPath: m_LocalPosition.y
      value: 0.67689943
      objectReference: {fileID: 0}
    - target: {fileID: 7487236060334165795, guid: 88acc80279aa18c4685aec044b412218, type: 3}
      propertyPath: m_LocalPosition.z
      value: 5.7348204
      objectReference: {fileID: 0}
    - target: {fileID: 7487236060334165795, guid: 88acc80279aa18c4685aec044b412218, type: 3}
      propertyPath: m_LocalRotation.w
      value: -0.7071068
      objectReference: {fileID: 0}
    - target: {fileID: 7487236060334165795, guid: 88acc80279aa18c4685aec044b412218, type: 3}
      propertyPath: m_LocalRotation.x
      value: 0
      objectReference: {fileID: 0}
    - target: {fileID: 7487236060334165795, guid: 88acc80279aa18c4685aec044b412218, type: 3}
      propertyPath: m_LocalRotation.y
      value: 0.7071068
      objectReference: {fileID: 0}
    - target: {fileID: 7487236060334165795, guid: 88acc80279aa18c4685aec044b412218, type: 3}
      propertyPath: m_LocalRotation.z
      value: -0
      objectReference: {fileID: 0}
    - target: {fileID: 7487236060334165795, guid: 88acc80279aa18c4685aec044b412218, type: 3}
      propertyPath: m_LocalEulerAnglesHint.x
      value: 0
      objectReference: {fileID: 0}
    - target: {fileID: 7487236060334165795, guid: 88acc80279aa18c4685aec044b412218, type: 3}
      propertyPath: m_LocalEulerAnglesHint.y
      value: 270
      objectReference: {fileID: 0}
    - target: {fileID: 7487236060334165795, guid: 88acc80279aa18c4685aec044b412218, type: 3}
      propertyPath: m_LocalEulerAnglesHint.z
      value: 0
      objectReference: {fileID: 0}
    m_RemovedComponents: []
  m_SourcePrefab: {fileID: 100100000, guid: 88acc80279aa18c4685aec044b412218, type: 3}
--- !u!4 &4573582551792138880 stripped
Transform:
  m_CorrespondingSourceObject: {fileID: 7487236060334165795, guid: 88acc80279aa18c4685aec044b412218, type: 3}
  m_PrefabInstance: {fileID: 6381777273720681891}
  m_PrefabAsset: {fileID: 0}
--- !u!1001 &6646695793543061873
PrefabInstance:
  m_ObjectHideFlags: 0
  serializedVersion: 2
  m_Modification:
    m_TransformParent: {fileID: 7337219368188924109}
    m_Modifications:
    - target: {fileID: 1574283180815352719, guid: 65fa5693894bb6e48bedd2c3e04daf82, type: 3}
      propertyPath: m_RootOrder
      value: 6
      objectReference: {fileID: 0}
    - target: {fileID: 1574283180815352719, guid: 65fa5693894bb6e48bedd2c3e04daf82, type: 3}
      propertyPath: m_LocalScale.y
      value: 1
      objectReference: {fileID: 0}
    - target: {fileID: 1574283180815352719, guid: 65fa5693894bb6e48bedd2c3e04daf82, type: 3}
      propertyPath: m_LocalPosition.x
      value: -3.4557064
      objectReference: {fileID: 0}
    - target: {fileID: 1574283180815352719, guid: 65fa5693894bb6e48bedd2c3e04daf82, type: 3}
      propertyPath: m_LocalPosition.y
      value: 1.4533083
      objectReference: {fileID: 0}
    - target: {fileID: 1574283180815352719, guid: 65fa5693894bb6e48bedd2c3e04daf82, type: 3}
      propertyPath: m_LocalPosition.z
      value: 5.7969766
      objectReference: {fileID: 0}
    - target: {fileID: 1574283180815352719, guid: 65fa5693894bb6e48bedd2c3e04daf82, type: 3}
      propertyPath: m_LocalRotation.w
      value: 0.00000017484558
      objectReference: {fileID: 0}
    - target: {fileID: 1574283180815352719, guid: 65fa5693894bb6e48bedd2c3e04daf82, type: 3}
      propertyPath: m_LocalRotation.x
      value: -0.000000087422784
      objectReference: {fileID: 0}
    - target: {fileID: 1574283180815352719, guid: 65fa5693894bb6e48bedd2c3e04daf82, type: 3}
      propertyPath: m_LocalRotation.y
      value: 1
      objectReference: {fileID: 0}
    - target: {fileID: 1574283180815352719, guid: 65fa5693894bb6e48bedd2c3e04daf82, type: 3}
      propertyPath: m_LocalRotation.z
      value: 0.00000005960465
      objectReference: {fileID: 0}
    - target: {fileID: 1574283180815352719, guid: 65fa5693894bb6e48bedd2c3e04daf82, type: 3}
      propertyPath: m_LocalEulerAnglesHint.x
      value: -90
      objectReference: {fileID: 0}
    - target: {fileID: 1574283180815352719, guid: 65fa5693894bb6e48bedd2c3e04daf82, type: 3}
      propertyPath: m_LocalEulerAnglesHint.y
      value: 90
      objectReference: {fileID: 0}
    - target: {fileID: 1574283180815352719, guid: 65fa5693894bb6e48bedd2c3e04daf82, type: 3}
      propertyPath: m_LocalEulerAnglesHint.z
      value: 90
      objectReference: {fileID: 0}
    - target: {fileID: 7325642185878991516, guid: 65fa5693894bb6e48bedd2c3e04daf82, type: 3}
      propertyPath: m_Name
      value: Room_Lvl_1_Column (7)
      objectReference: {fileID: 0}
    - target: {fileID: 8925413377668319503, guid: 65fa5693894bb6e48bedd2c3e04daf82, type: 3}
      propertyPath: m_Mesh
      value: 
      objectReference: {fileID: -8518006768804336566, guid: 46290a20542c415479058d007c9e7941, type: 3}
    m_RemovedComponents: []
  m_SourcePrefab: {fileID: 100100000, guid: 65fa5693894bb6e48bedd2c3e04daf82, type: 3}
--- !u!4 &5324720054223807230 stripped
Transform:
  m_CorrespondingSourceObject: {fileID: 1574283180815352719, guid: 65fa5693894bb6e48bedd2c3e04daf82, type: 3}
  m_PrefabInstance: {fileID: 6646695793543061873}
  m_PrefabAsset: {fileID: 0}
--- !u!1001 &7495017103144504862
PrefabInstance:
  m_ObjectHideFlags: 0
  serializedVersion: 2
  m_Modification:
    m_TransformParent: {fileID: 7337219368188924109}
    m_Modifications:
    - target: {fileID: 4464880455357365502, guid: 88acc80279aa18c4685aec044b412218, type: 3}
      propertyPath: m_Name
      value: Room_Lvl_1_Wall (21)
      objectReference: {fileID: 0}
    - target: {fileID: 5712921214455051062, guid: 88acc80279aa18c4685aec044b412218, type: 3}
      propertyPath: m_Mesh
      value: 
      objectReference: {fileID: -3233881315184934465, guid: 46290a20542c415479058d007c9e7941, type: 3}
    - target: {fileID: 7487236060334165795, guid: 88acc80279aa18c4685aec044b412218, type: 3}
      propertyPath: m_RootOrder
      value: 15
      objectReference: {fileID: 0}
    - target: {fileID: 7487236060334165795, guid: 88acc80279aa18c4685aec044b412218, type: 3}
      propertyPath: m_LocalScale.z
      value: 1
      objectReference: {fileID: 0}
    - target: {fileID: 7487236060334165795, guid: 88acc80279aa18c4685aec044b412218, type: 3}
      propertyPath: m_LocalPosition.x
      value: 3.1150713
      objectReference: {fileID: 0}
    - target: {fileID: 7487236060334165795, guid: 88acc80279aa18c4685aec044b412218, type: 3}
      propertyPath: m_LocalPosition.y
      value: 0.676898
      objectReference: {fileID: 0}
    - target: {fileID: 7487236060334165795, guid: 88acc80279aa18c4685aec044b412218, type: 3}
      propertyPath: m_LocalPosition.z
      value: 4.9852552
      objectReference: {fileID: 0}
    - target: {fileID: 7487236060334165795, guid: 88acc80279aa18c4685aec044b412218, type: 3}
      propertyPath: m_LocalRotation.w
      value: 1
      objectReference: {fileID: 0}
    - target: {fileID: 7487236060334165795, guid: 88acc80279aa18c4685aec044b412218, type: 3}
      propertyPath: m_LocalRotation.x
      value: 0
      objectReference: {fileID: 0}
    - target: {fileID: 7487236060334165795, guid: 88acc80279aa18c4685aec044b412218, type: 3}
      propertyPath: m_LocalRotation.y
      value: 0
      objectReference: {fileID: 0}
    - target: {fileID: 7487236060334165795, guid: 88acc80279aa18c4685aec044b412218, type: 3}
      propertyPath: m_LocalRotation.z
      value: 0
      objectReference: {fileID: 0}
    - target: {fileID: 7487236060334165795, guid: 88acc80279aa18c4685aec044b412218, type: 3}
      propertyPath: m_LocalEulerAnglesHint.x
      value: 0
      objectReference: {fileID: 0}
    - target: {fileID: 7487236060334165795, guid: 88acc80279aa18c4685aec044b412218, type: 3}
      propertyPath: m_LocalEulerAnglesHint.y
      value: 0
      objectReference: {fileID: 0}
    - target: {fileID: 7487236060334165795, guid: 88acc80279aa18c4685aec044b412218, type: 3}
      propertyPath: m_LocalEulerAnglesHint.z
      value: 0
      objectReference: {fileID: 0}
    m_RemovedComponents: []
  m_SourcePrefab: {fileID: 100100000, guid: 88acc80279aa18c4685aec044b412218, type: 3}
--- !u!4 &1147195107654582589 stripped
Transform:
  m_CorrespondingSourceObject: {fileID: 7487236060334165795, guid: 88acc80279aa18c4685aec044b412218, type: 3}
  m_PrefabInstance: {fileID: 7495017103144504862}
  m_PrefabAsset: {fileID: 0}
--- !u!1001 &7570809889466950705
PrefabInstance:
  m_ObjectHideFlags: 0
  serializedVersion: 2
  m_Modification:
    m_TransformParent: {fileID: 7337219368188924109}
    m_Modifications:
    - target: {fileID: 4464880455357365502, guid: 88acc80279aa18c4685aec044b412218, type: 3}
      propertyPath: m_Name
      value: Room_Lvl_1_Wall (25)
      objectReference: {fileID: 0}
    - target: {fileID: 5712921214455051062, guid: 88acc80279aa18c4685aec044b412218, type: 3}
      propertyPath: m_Mesh
      value: 
      objectReference: {fileID: -3233881315184934465, guid: 46290a20542c415479058d007c9e7941, type: 3}
    - target: {fileID: 7487236060334165795, guid: 88acc80279aa18c4685aec044b412218, type: 3}
      propertyPath: m_RootOrder
      value: 19
      objectReference: {fileID: 0}
    - target: {fileID: 7487236060334165795, guid: 88acc80279aa18c4685aec044b412218, type: 3}
      propertyPath: m_LocalScale.z
      value: 1
      objectReference: {fileID: 0}
    - target: {fileID: 7487236060334165795, guid: 88acc80279aa18c4685aec044b412218, type: 3}
      propertyPath: m_LocalPosition.x
      value: 3.1150732
      objectReference: {fileID: 0}
    - target: {fileID: 7487236060334165795, guid: 88acc80279aa18c4685aec044b412218, type: 3}
      propertyPath: m_LocalPosition.y
      value: 0.6768987
      objectReference: {fileID: 0}
    - target: {fileID: 7487236060334165795, guid: 88acc80279aa18c4685aec044b412218, type: 3}
      propertyPath: m_LocalPosition.z
      value: 0.9831524
      objectReference: {fileID: 0}
    - target: {fileID: 7487236060334165795, guid: 88acc80279aa18c4685aec044b412218, type: 3}
      propertyPath: m_LocalRotation.w
      value: 1
      objectReference: {fileID: 0}
    - target: {fileID: 7487236060334165795, guid: 88acc80279aa18c4685aec044b412218, type: 3}
      propertyPath: m_LocalRotation.x
      value: 0
      objectReference: {fileID: 0}
    - target: {fileID: 7487236060334165795, guid: 88acc80279aa18c4685aec044b412218, type: 3}
      propertyPath: m_LocalRotation.y
      value: 0
      objectReference: {fileID: 0}
    - target: {fileID: 7487236060334165795, guid: 88acc80279aa18c4685aec044b412218, type: 3}
      propertyPath: m_LocalRotation.z
      value: 0
      objectReference: {fileID: 0}
    - target: {fileID: 7487236060334165795, guid: 88acc80279aa18c4685aec044b412218, type: 3}
      propertyPath: m_LocalEulerAnglesHint.x
      value: 0
      objectReference: {fileID: 0}
    - target: {fileID: 7487236060334165795, guid: 88acc80279aa18c4685aec044b412218, type: 3}
      propertyPath: m_LocalEulerAnglesHint.y
      value: 0
      objectReference: {fileID: 0}
    - target: {fileID: 7487236060334165795, guid: 88acc80279aa18c4685aec044b412218, type: 3}
      propertyPath: m_LocalEulerAnglesHint.z
      value: 0
      objectReference: {fileID: 0}
    m_RemovedComponents: []
  m_SourcePrefab: {fileID: 100100000, guid: 88acc80279aa18c4685aec044b412218, type: 3}
--- !u!4 &1078870481324976914 stripped
Transform:
  m_CorrespondingSourceObject: {fileID: 7487236060334165795, guid: 88acc80279aa18c4685aec044b412218, type: 3}
  m_PrefabInstance: {fileID: 7570809889466950705}
  m_PrefabAsset: {fileID: 0}
--- !u!1001 &7857137615816909986
PrefabInstance:
  m_ObjectHideFlags: 0
  serializedVersion: 2
  m_Modification:
    m_TransformParent: {fileID: 7337219368188924109}
    m_Modifications:
    - target: {fileID: 4464880455357365502, guid: 88acc80279aa18c4685aec044b412218, type: 3}
      propertyPath: m_Name
      value: Room_Lvl_1_Wall (13)
      objectReference: {fileID: 0}
    - target: {fileID: 5712921214455051062, guid: 88acc80279aa18c4685aec044b412218, type: 3}
      propertyPath: m_Mesh
      value: 
      objectReference: {fileID: -3233881315184934465, guid: 46290a20542c415479058d007c9e7941, type: 3}
    - target: {fileID: 7487236060334165795, guid: 88acc80279aa18c4685aec044b412218, type: 3}
      propertyPath: m_RootOrder
      value: 5
      objectReference: {fileID: 0}
    - target: {fileID: 7487236060334165795, guid: 88acc80279aa18c4685aec044b412218, type: 3}
      propertyPath: m_LocalScale.z
      value: 1
      objectReference: {fileID: 0}
    - target: {fileID: 7487236060334165795, guid: 88acc80279aa18c4685aec044b412218, type: 3}
      propertyPath: m_LocalPosition.x
      value: -3.3932095
      objectReference: {fileID: 0}
    - target: {fileID: 7487236060334165795, guid: 88acc80279aa18c4685aec044b412218, type: 3}
      propertyPath: m_LocalPosition.y
      value: 0.6768997
      objectReference: {fileID: 0}
    - target: {fileID: 7487236060334165795, guid: 88acc80279aa18c4685aec044b412218, type: 3}
      propertyPath: m_LocalPosition.z
      value: 2.9835086
      objectReference: {fileID: 0}
    - target: {fileID: 7487236060334165795, guid: 88acc80279aa18c4685aec044b412218, type: 3}
      propertyPath: m_LocalRotation.w
      value: 0
      objectReference: {fileID: 0}
    - target: {fileID: 7487236060334165795, guid: 88acc80279aa18c4685aec044b412218, type: 3}
      propertyPath: m_LocalRotation.x
      value: 0
      objectReference: {fileID: 0}
    - target: {fileID: 7487236060334165795, guid: 88acc80279aa18c4685aec044b412218, type: 3}
      propertyPath: m_LocalRotation.y
      value: 1
      objectReference: {fileID: 0}
    - target: {fileID: 7487236060334165795, guid: 88acc80279aa18c4685aec044b412218, type: 3}
      propertyPath: m_LocalRotation.z
      value: 0
      objectReference: {fileID: 0}
    - target: {fileID: 7487236060334165795, guid: 88acc80279aa18c4685aec044b412218, type: 3}
      propertyPath: m_LocalEulerAnglesHint.x
      value: 0
      objectReference: {fileID: 0}
    - target: {fileID: 7487236060334165795, guid: 88acc80279aa18c4685aec044b412218, type: 3}
      propertyPath: m_LocalEulerAnglesHint.y
      value: 180
      objectReference: {fileID: 0}
    - target: {fileID: 7487236060334165795, guid: 88acc80279aa18c4685aec044b412218, type: 3}
      propertyPath: m_LocalEulerAnglesHint.z
      value: 0
      objectReference: {fileID: 0}
    m_RemovedComponents: []
  m_SourcePrefab: {fileID: 100100000, guid: 88acc80279aa18c4685aec044b412218, type: 3}
--- !u!4 &784233880895286145 stripped
Transform:
  m_CorrespondingSourceObject: {fileID: 7487236060334165795, guid: 88acc80279aa18c4685aec044b412218, type: 3}
  m_PrefabInstance: {fileID: 7857137615816909986}
  m_PrefabAsset: {fileID: 0}
--- !u!1001 &8209025154607831943
PrefabInstance:
  m_ObjectHideFlags: 0
  serializedVersion: 2
  m_Modification:
    m_TransformParent: {fileID: 7337219368188924109}
    m_Modifications:
    - target: {fileID: 4464880455357365502, guid: 88acc80279aa18c4685aec044b412218, type: 3}
      propertyPath: m_Name
      value: Room_Lvl_1_Wall (16)
      objectReference: {fileID: 0}
    - target: {fileID: 5712921214455051062, guid: 88acc80279aa18c4685aec044b412218, type: 3}
      propertyPath: m_Mesh
      value: 
      objectReference: {fileID: -3233881315184934465, guid: 46290a20542c415479058d007c9e7941, type: 3}
    - target: {fileID: 7487236060334165795, guid: 88acc80279aa18c4685aec044b412218, type: 3}
      propertyPath: m_RootOrder
      value: 8
      objectReference: {fileID: 0}
    - target: {fileID: 7487236060334165795, guid: 88acc80279aa18c4685aec044b412218, type: 3}
      propertyPath: m_LocalScale.z
      value: 1
      objectReference: {fileID: 0}
    - target: {fileID: 7487236060334165795, guid: 88acc80279aa18c4685aec044b412218, type: 3}
      propertyPath: m_LocalPosition.x
      value: -3.3932066
      objectReference: {fileID: 0}
    - target: {fileID: 7487236060334165795, guid: 88acc80279aa18c4685aec044b412218, type: 3}
      propertyPath: m_LocalPosition.y
      value: 0.6768993
      objectReference: {fileID: 0}
    - target: {fileID: 7487236060334165795, guid: 88acc80279aa18c4685aec044b412218, type: 3}
      propertyPath: m_LocalPosition.z
      value: -0.018070221
      objectReference: {fileID: 0}
    - target: {fileID: 7487236060334165795, guid: 88acc80279aa18c4685aec044b412218, type: 3}
      propertyPath: m_LocalRotation.w
      value: 0
      objectReference: {fileID: 0}
    - target: {fileID: 7487236060334165795, guid: 88acc80279aa18c4685aec044b412218, type: 3}
      propertyPath: m_LocalRotation.x
      value: 0
      objectReference: {fileID: 0}
    - target: {fileID: 7487236060334165795, guid: 88acc80279aa18c4685aec044b412218, type: 3}
      propertyPath: m_LocalRotation.y
      value: 1
      objectReference: {fileID: 0}
    - target: {fileID: 7487236060334165795, guid: 88acc80279aa18c4685aec044b412218, type: 3}
      propertyPath: m_LocalRotation.z
      value: 0
      objectReference: {fileID: 0}
    - target: {fileID: 7487236060334165795, guid: 88acc80279aa18c4685aec044b412218, type: 3}
      propertyPath: m_LocalEulerAnglesHint.x
      value: 0
      objectReference: {fileID: 0}
    - target: {fileID: 7487236060334165795, guid: 88acc80279aa18c4685aec044b412218, type: 3}
      propertyPath: m_LocalEulerAnglesHint.y
      value: 180
      objectReference: {fileID: 0}
    - target: {fileID: 7487236060334165795, guid: 88acc80279aa18c4685aec044b412218, type: 3}
      propertyPath: m_LocalEulerAnglesHint.z
      value: 0
      objectReference: {fileID: 0}
    m_RemovedComponents: []
  m_SourcePrefab: {fileID: 100100000, guid: 88acc80279aa18c4685aec044b412218, type: 3}
--- !u!4 &1586482465543017636 stripped
Transform:
  m_CorrespondingSourceObject: {fileID: 7487236060334165795, guid: 88acc80279aa18c4685aec044b412218, type: 3}
  m_PrefabInstance: {fileID: 8209025154607831943}
  m_PrefabAsset: {fileID: 0}
--- !u!1001 &8459129045772492475
PrefabInstance:
  m_ObjectHideFlags: 0
  serializedVersion: 2
  m_Modification:
    m_TransformParent: {fileID: 7337219368188924109}
    m_Modifications:
    - target: {fileID: 4464880455357365502, guid: 88acc80279aa18c4685aec044b412218, type: 3}
      propertyPath: m_Name
      value: Room_Lvl_1_Wall (10)
      objectReference: {fileID: 0}
    - target: {fileID: 5712921214455051062, guid: 88acc80279aa18c4685aec044b412218, type: 3}
      propertyPath: m_Mesh
      value: 
      objectReference: {fileID: -3233881315184934465, guid: 46290a20542c415479058d007c9e7941, type: 3}
    - target: {fileID: 7487236060334165795, guid: 88acc80279aa18c4685aec044b412218, type: 3}
      propertyPath: m_RootOrder
      value: 2
      objectReference: {fileID: 0}
    - target: {fileID: 7487236060334165795, guid: 88acc80279aa18c4685aec044b412218, type: 3}
      propertyPath: m_LocalScale.z
      value: 1
      objectReference: {fileID: 0}
    - target: {fileID: 7487236060334165795, guid: 88acc80279aa18c4685aec044b412218, type: 3}
      propertyPath: m_LocalPosition.x
      value: 0.8687725
      objectReference: {fileID: 0}
    - target: {fileID: 7487236060334165795, guid: 88acc80279aa18c4685aec044b412218, type: 3}
      propertyPath: m_LocalPosition.y
      value: 0.6768992
      objectReference: {fileID: 0}
    - target: {fileID: 7487236060334165795, guid: 88acc80279aa18c4685aec044b412218, type: 3}
      propertyPath: m_LocalPosition.z
      value: 5.73482
      objectReference: {fileID: 0}
    - target: {fileID: 7487236060334165795, guid: 88acc80279aa18c4685aec044b412218, type: 3}
      propertyPath: m_LocalRotation.w
      value: -0.7071068
      objectReference: {fileID: 0}
    - target: {fileID: 7487236060334165795, guid: 88acc80279aa18c4685aec044b412218, type: 3}
      propertyPath: m_LocalRotation.x
      value: 0
      objectReference: {fileID: 0}
    - target: {fileID: 7487236060334165795, guid: 88acc80279aa18c4685aec044b412218, type: 3}
      propertyPath: m_LocalRotation.y
      value: 0.7071068
      objectReference: {fileID: 0}
    - target: {fileID: 7487236060334165795, guid: 88acc80279aa18c4685aec044b412218, type: 3}
      propertyPath: m_LocalRotation.z
      value: -0
      objectReference: {fileID: 0}
    - target: {fileID: 7487236060334165795, guid: 88acc80279aa18c4685aec044b412218, type: 3}
      propertyPath: m_LocalEulerAnglesHint.x
      value: 0
      objectReference: {fileID: 0}
    - target: {fileID: 7487236060334165795, guid: 88acc80279aa18c4685aec044b412218, type: 3}
      propertyPath: m_LocalEulerAnglesHint.y
      value: 270
      objectReference: {fileID: 0}
    - target: {fileID: 7487236060334165795, guid: 88acc80279aa18c4685aec044b412218, type: 3}
      propertyPath: m_LocalEulerAnglesHint.z
      value: 0
      objectReference: {fileID: 0}
    m_RemovedComponents: []
  m_SourcePrefab: {fileID: 100100000, guid: 88acc80279aa18c4685aec044b412218, type: 3}
--- !u!4 &1336685680721645976 stripped
Transform:
  m_CorrespondingSourceObject: {fileID: 7487236060334165795, guid: 88acc80279aa18c4685aec044b412218, type: 3}
  m_PrefabInstance: {fileID: 8459129045772492475}
  m_PrefabAsset: {fileID: 0}
--- !u!1001 &9064230264730228509
PrefabInstance:
  m_ObjectHideFlags: 0
  serializedVersion: 2
  m_Modification:
    m_TransformParent: {fileID: 7337219368188924109}
    m_Modifications:
    - target: {fileID: 4464880455357365502, guid: 88acc80279aa18c4685aec044b412218, type: 3}
      propertyPath: m_Name
      value: Room_Lvl_1_Wall (15)
      objectReference: {fileID: 0}
    - target: {fileID: 5712921214455051062, guid: 88acc80279aa18c4685aec044b412218, type: 3}
      propertyPath: m_Mesh
      value: 
      objectReference: {fileID: -3233881315184934465, guid: 46290a20542c415479058d007c9e7941, type: 3}
    - target: {fileID: 7487236060334165795, guid: 88acc80279aa18c4685aec044b412218, type: 3}
      propertyPath: m_RootOrder
      value: 7
      objectReference: {fileID: 0}
    - target: {fileID: 7487236060334165795, guid: 88acc80279aa18c4685aec044b412218, type: 3}
      propertyPath: m_LocalScale.z
      value: 1
      objectReference: {fileID: 0}
    - target: {fileID: 7487236060334165795, guid: 88acc80279aa18c4685aec044b412218, type: 3}
      propertyPath: m_LocalPosition.x
      value: -3.3932066
      objectReference: {fileID: 0}
    - target: {fileID: 7487236060334165795, guid: 88acc80279aa18c4685aec044b412218, type: 3}
      propertyPath: m_LocalPosition.y
      value: 0.6768995
      objectReference: {fileID: 0}
    - target: {fileID: 7487236060334165795, guid: 88acc80279aa18c4685aec044b412218, type: 3}
      propertyPath: m_LocalPosition.z
      value: 0.98245573
      objectReference: {fileID: 0}
    - target: {fileID: 7487236060334165795, guid: 88acc80279aa18c4685aec044b412218, type: 3}
      propertyPath: m_LocalRotation.w
      value: 0
      objectReference: {fileID: 0}
    - target: {fileID: 7487236060334165795, guid: 88acc80279aa18c4685aec044b412218, type: 3}
      propertyPath: m_LocalRotation.x
      value: 0
      objectReference: {fileID: 0}
    - target: {fileID: 7487236060334165795, guid: 88acc80279aa18c4685aec044b412218, type: 3}
      propertyPath: m_LocalRotation.y
      value: 1
      objectReference: {fileID: 0}
    - target: {fileID: 7487236060334165795, guid: 88acc80279aa18c4685aec044b412218, type: 3}
      propertyPath: m_LocalRotation.z
      value: 0
      objectReference: {fileID: 0}
    - target: {fileID: 7487236060334165795, guid: 88acc80279aa18c4685aec044b412218, type: 3}
      propertyPath: m_LocalEulerAnglesHint.x
      value: 0
      objectReference: {fileID: 0}
    - target: {fileID: 7487236060334165795, guid: 88acc80279aa18c4685aec044b412218, type: 3}
      propertyPath: m_LocalEulerAnglesHint.y
      value: 180
      objectReference: {fileID: 0}
    - target: {fileID: 7487236060334165795, guid: 88acc80279aa18c4685aec044b412218, type: 3}
      propertyPath: m_LocalEulerAnglesHint.z
      value: 0
      objectReference: {fileID: 0}
    m_RemovedComponents: []
  m_SourcePrefab: {fileID: 100100000, guid: 88acc80279aa18c4685aec044b412218, type: 3}
--- !u!4 &1883240088102606910 stripped
Transform:
  m_CorrespondingSourceObject: {fileID: 7487236060334165795, guid: 88acc80279aa18c4685aec044b412218, type: 3}
  m_PrefabInstance: {fileID: 9064230264730228509}
  m_PrefabAsset: {fileID: 0}
--- !u!1001 &9118924244093039781
PrefabInstance:
  m_ObjectHideFlags: 0
  serializedVersion: 2
  m_Modification:
    m_TransformParent: {fileID: 7337219368188924109}
    m_Modifications:
    - target: {fileID: 4464880455357365502, guid: 88acc80279aa18c4685aec044b412218, type: 3}
      propertyPath: m_Name
      value: Room_Lvl_1_Wall (12)
      objectReference: {fileID: 0}
    - target: {fileID: 5712921214455051062, guid: 88acc80279aa18c4685aec044b412218, type: 3}
      propertyPath: m_Mesh
      value: 
      objectReference: {fileID: -3233881315184934465, guid: 46290a20542c415479058d007c9e7941, type: 3}
    - target: {fileID: 7487236060334165795, guid: 88acc80279aa18c4685aec044b412218, type: 3}
      propertyPath: m_RootOrder
      value: 4
      objectReference: {fileID: 0}
    - target: {fileID: 7487236060334165795, guid: 88acc80279aa18c4685aec044b412218, type: 3}
      propertyPath: m_LocalScale.z
      value: 1
      objectReference: {fileID: 0}
    - target: {fileID: 7487236060334165795, guid: 88acc80279aa18c4685aec044b412218, type: 3}
      propertyPath: m_LocalPosition.x
      value: -3.3932104
      objectReference: {fileID: 0}
    - target: {fileID: 7487236060334165795, guid: 88acc80279aa18c4685aec044b412218, type: 3}
      propertyPath: m_LocalPosition.y
      value: 0.67689943
      objectReference: {fileID: 0}
    - target: {fileID: 7487236060334165795, guid: 88acc80279aa18c4685aec044b412218, type: 3}
      propertyPath: m_LocalPosition.z
      value: 3.984035
      objectReference: {fileID: 0}
    - target: {fileID: 7487236060334165795, guid: 88acc80279aa18c4685aec044b412218, type: 3}
      propertyPath: m_LocalRotation.w
      value: 0
      objectReference: {fileID: 0}
    - target: {fileID: 7487236060334165795, guid: 88acc80279aa18c4685aec044b412218, type: 3}
      propertyPath: m_LocalRotation.x
      value: 0
      objectReference: {fileID: 0}
    - target: {fileID: 7487236060334165795, guid: 88acc80279aa18c4685aec044b412218, type: 3}
      propertyPath: m_LocalRotation.y
      value: 1
      objectReference: {fileID: 0}
    - target: {fileID: 7487236060334165795, guid: 88acc80279aa18c4685aec044b412218, type: 3}
      propertyPath: m_LocalRotation.z
      value: 0
      objectReference: {fileID: 0}
    - target: {fileID: 7487236060334165795, guid: 88acc80279aa18c4685aec044b412218, type: 3}
      propertyPath: m_LocalEulerAnglesHint.x
      value: 0
      objectReference: {fileID: 0}
    - target: {fileID: 7487236060334165795, guid: 88acc80279aa18c4685aec044b412218, type: 3}
      propertyPath: m_LocalEulerAnglesHint.y
      value: 180
      objectReference: {fileID: 0}
    - target: {fileID: 7487236060334165795, guid: 88acc80279aa18c4685aec044b412218, type: 3}
      propertyPath: m_LocalEulerAnglesHint.z
      value: 0
      objectReference: {fileID: 0}
    m_RemovedComponents: []
  m_SourcePrefab: {fileID: 100100000, guid: 88acc80279aa18c4685aec044b412218, type: 3}
--- !u!4 &1829847718989298566 stripped
Transform:
  m_CorrespondingSourceObject: {fileID: 7487236060334165795, guid: 88acc80279aa18c4685aec044b412218, type: 3}
  m_PrefabInstance: {fileID: 9118924244093039781}
  m_PrefabAsset: {fileID: 0}
