%YAML 1.1
%TAG !u! tag:unity3d.com,2011:
--- !u!1 &6791415759727362125
GameObject:
  m_ObjectHideFlags: 0
  m_CorrespondingSourceObject: {fileID: 0}
  m_PrefabInstance: {fileID: 0}
  m_PrefabAsset: {fileID: 0}
  serializedVersion: 6
  m_Component:
  - component: {fileID: 6590258333909552100}
  m_Layer: 0
  m_Name: CleanersBox
  m_TagString: Untagged
  m_Icon: {fileID: 0}
  m_NavMeshLayer: 0
  m_StaticEditorFlags: 0
  m_IsActive: 1
--- !u!4 &6590258333909552100
Transform:
  m_ObjectHideFlags: 0
  m_CorrespondingSourceObject: {fileID: 0}
  m_PrefabInstance: {fileID: 0}
  m_PrefabAsset: {fileID: 0}
  m_GameObject: {fileID: 6791415759727362125}
  m_LocalRotation: {x: 0, y: 0, z: 0, w: 1}
  m_LocalPosition: {x: 0, y: 0, z: 0}
  m_LocalScale: {x: 1, y: 1, z: 1}
  m_ConstrainProportionsScale: 0
  m_Children:
  - {fileID: 3486551912468755049}
  - {fileID: 3839648551302081084}
  - {fileID: 5071562793109545269}
  - {fileID: 8160114659514517073}
  - {fileID: 8227373381753323796}
  - {fileID: 4045576684146851010}
  - {fileID: 5567580228024317797}
  - {fileID: 5543789509983529630}
  m_Father: {fileID: 0}
  m_RootOrder: 0
  m_LocalEulerAnglesHint: {x: 0, y: 0, z: 0}
--- !u!1001 &4521641674226499315
PrefabInstance:
  m_ObjectHideFlags: 0
  serializedVersion: 2
  m_Modification:
    m_TransformParent: {fileID: 6590258333909552100}
    m_Modifications:
    - target: {fileID: 6686011351663265730, guid: c128be6c0175a01489085de1a59d3d48, type: 3}
      propertyPath: m_Name
      value: Closed_State_Cleaners_Walls_Lvl_0
      objectReference: {fileID: 0}
    - target: {fileID: 6686011351663265730, guid: c128be6c0175a01489085de1a59d3d48, type: 3}
      propertyPath: m_IsActive
      value: 0
      objectReference: {fileID: 0}
    - target: {fileID: 8323810573384927638, guid: c128be6c0175a01489085de1a59d3d48, type: 3}
      propertyPath: m_RootOrder
      value: 6
      objectReference: {fileID: 0}
    - target: {fileID: 8323810573384927638, guid: c128be6c0175a01489085de1a59d3d48, type: 3}
      propertyPath: m_LocalPosition.x
      value: 2.5431824
      objectReference: {fileID: 0}
    - target: {fileID: 8323810573384927638, guid: c128be6c0175a01489085de1a59d3d48, type: 3}
      propertyPath: m_LocalPosition.y
      value: 0.46857858
      objectReference: {fileID: 0}
    - target: {fileID: 8323810573384927638, guid: c128be6c0175a01489085de1a59d3d48, type: 3}
      propertyPath: m_LocalPosition.z
      value: 2.0994606
      objectReference: {fileID: 0}
    - target: {fileID: 8323810573384927638, guid: c128be6c0175a01489085de1a59d3d48, type: 3}
      propertyPath: m_LocalRotation.w
      value: 1
      objectReference: {fileID: 0}
    - target: {fileID: 8323810573384927638, guid: c128be6c0175a01489085de1a59d3d48, type: 3}
      propertyPath: m_LocalRotation.x
      value: -0
      objectReference: {fileID: 0}
    - target: {fileID: 8323810573384927638, guid: c128be6c0175a01489085de1a59d3d48, type: 3}
      propertyPath: m_LocalRotation.y
      value: -0
      objectReference: {fileID: 0}
    - target: {fileID: 8323810573384927638, guid: c128be6c0175a01489085de1a59d3d48, type: 3}
      propertyPath: m_LocalRotation.z
      value: -0
      objectReference: {fileID: 0}
    - target: {fileID: 8323810573384927638, guid: c128be6c0175a01489085de1a59d3d48, type: 3}
      propertyPath: m_LocalEulerAnglesHint.x
      value: 0
      objectReference: {fileID: 0}
    - target: {fileID: 8323810573384927638, guid: c128be6c0175a01489085de1a59d3d48, type: 3}
      propertyPath: m_LocalEulerAnglesHint.y
      value: 0
      objectReference: {fileID: 0}
    - target: {fileID: 8323810573384927638, guid: c128be6c0175a01489085de1a59d3d48, type: 3}
      propertyPath: m_LocalEulerAnglesHint.z
      value: 0
      objectReference: {fileID: 0}
    m_RemovedComponents: []
  m_SourcePrefab: {fileID: 100100000, guid: c128be6c0175a01489085de1a59d3d48, type: 3}
--- !u!4 &5567580228024317797 stripped
Transform:
  m_CorrespondingSourceObject: {fileID: 8323810573384927638, guid: c128be6c0175a01489085de1a59d3d48, type: 3}
  m_PrefabInstance: {fileID: 4521641674226499315}
  m_PrefabAsset: {fileID: 0}
--- !u!1001 &4657334094406364401
PrefabInstance:
  m_ObjectHideFlags: 0
  serializedVersion: 2
  m_Modification:
    m_TransformParent: {fileID: 6590258333909552100}
    m_Modifications:
    - target: {fileID: 6830254267454367044, guid: 2e0ff1a70c0857b43818a27ac90c0c05, type: 3}
      propertyPath: m_Name
      value: Cleaners_floor_lvl1
      objectReference: {fileID: 0}
    - target: {fileID: 8124657361748008600, guid: 2e0ff1a70c0857b43818a27ac90c0c05, type: 3}
      propertyPath: m_RootOrder
      value: 0
      objectReference: {fileID: 0}
    - target: {fileID: 8124657361748008600, guid: 2e0ff1a70c0857b43818a27ac90c0c05, type: 3}
      propertyPath: m_LocalPosition.x
      value: 0
      objectReference: {fileID: 0}
    - target: {fileID: 8124657361748008600, guid: 2e0ff1a70c0857b43818a27ac90c0c05, type: 3}
      propertyPath: m_LocalPosition.y
      value: 0
      objectReference: {fileID: 0}
    - target: {fileID: 8124657361748008600, guid: 2e0ff1a70c0857b43818a27ac90c0c05, type: 3}
      propertyPath: m_LocalPosition.z
      value: 0
      objectReference: {fileID: 0}
    - target: {fileID: 8124657361748008600, guid: 2e0ff1a70c0857b43818a27ac90c0c05, type: 3}
      propertyPath: m_LocalRotation.w
      value: 1
      objectReference: {fileID: 0}
    - target: {fileID: 8124657361748008600, guid: 2e0ff1a70c0857b43818a27ac90c0c05, type: 3}
      propertyPath: m_LocalRotation.x
      value: -0
      objectReference: {fileID: 0}
    - target: {fileID: 8124657361748008600, guid: 2e0ff1a70c0857b43818a27ac90c0c05, type: 3}
      propertyPath: m_LocalRotation.y
      value: -0
      objectReference: {fileID: 0}
    - target: {fileID: 8124657361748008600, guid: 2e0ff1a70c0857b43818a27ac90c0c05, type: 3}
      propertyPath: m_LocalRotation.z
      value: -0
      objectReference: {fileID: 0}
    - target: {fileID: 8124657361748008600, guid: 2e0ff1a70c0857b43818a27ac90c0c05, type: 3}
      propertyPath: m_LocalEulerAnglesHint.x
      value: 0
      objectReference: {fileID: 0}
    - target: {fileID: 8124657361748008600, guid: 2e0ff1a70c0857b43818a27ac90c0c05, type: 3}
      propertyPath: m_LocalEulerAnglesHint.y
      value: 0
      objectReference: {fileID: 0}
    - target: {fileID: 8124657361748008600, guid: 2e0ff1a70c0857b43818a27ac90c0c05, type: 3}
      propertyPath: m_LocalEulerAnglesHint.z
      value: 0
      objectReference: {fileID: 0}
    m_RemovedComponents: []
  m_SourcePrefab: {fileID: 100100000, guid: 2e0ff1a70c0857b43818a27ac90c0c05, type: 3}
--- !u!4 &3486551912468755049 stripped
Transform:
  m_CorrespondingSourceObject: {fileID: 8124657361748008600, guid: 2e0ff1a70c0857b43818a27ac90c0c05, type: 3}
  m_PrefabInstance: {fileID: 4657334094406364401}
  m_PrefabAsset: {fileID: 0}
--- !u!1001 &4965874572834132742
PrefabInstance:
  m_ObjectHideFlags: 0
  serializedVersion: 2
  m_Modification:
    m_TransformParent: {fileID: 6590258333909552100}
    m_Modifications:
    - target: {fileID: 3878964397715903831, guid: c0d79b04c85a0e8499b464955b7003a5, type: 3}
      propertyPath: m_RootOrder
      value: 3
      objectReference: {fileID: 0}
    - target: {fileID: 3878964397715903831, guid: c0d79b04c85a0e8499b464955b7003a5, type: 3}
      propertyPath: m_LocalPosition.x
      value: 2.5431824
      objectReference: {fileID: 0}
    - target: {fileID: 3878964397715903831, guid: c0d79b04c85a0e8499b464955b7003a5, type: 3}
      propertyPath: m_LocalPosition.y
      value: 0.46857858
      objectReference: {fileID: 0}
    - target: {fileID: 3878964397715903831, guid: c0d79b04c85a0e8499b464955b7003a5, type: 3}
      propertyPath: m_LocalPosition.z
      value: 2.0994606
      objectReference: {fileID: 0}
    - target: {fileID: 3878964397715903831, guid: c0d79b04c85a0e8499b464955b7003a5, type: 3}
      propertyPath: m_LocalRotation.w
      value: 1
      objectReference: {fileID: 0}
    - target: {fileID: 3878964397715903831, guid: c0d79b04c85a0e8499b464955b7003a5, type: 3}
      propertyPath: m_LocalRotation.x
      value: -0
      objectReference: {fileID: 0}
    - target: {fileID: 3878964397715903831, guid: c0d79b04c85a0e8499b464955b7003a5, type: 3}
      propertyPath: m_LocalRotation.y
      value: -0
      objectReference: {fileID: 0}
    - target: {fileID: 3878964397715903831, guid: c0d79b04c85a0e8499b464955b7003a5, type: 3}
      propertyPath: m_LocalRotation.z
      value: -0
      objectReference: {fileID: 0}
    - target: {fileID: 3878964397715903831, guid: c0d79b04c85a0e8499b464955b7003a5, type: 3}
      propertyPath: m_LocalEulerAnglesHint.x
      value: 0
      objectReference: {fileID: 0}
    - target: {fileID: 3878964397715903831, guid: c0d79b04c85a0e8499b464955b7003a5, type: 3}
      propertyPath: m_LocalEulerAnglesHint.y
      value: 0
      objectReference: {fileID: 0}
    - target: {fileID: 3878964397715903831, guid: c0d79b04c85a0e8499b464955b7003a5, type: 3}
      propertyPath: m_LocalEulerAnglesHint.z
      value: 0
      objectReference: {fileID: 0}
    - target: {fileID: 5081417876621766038, guid: c0d79b04c85a0e8499b464955b7003a5, type: 3}
      propertyPath: m_Name
      value: Cleaners_Walls_Lvl_2
      objectReference: {fileID: 0}
    m_RemovedComponents: []
  m_SourcePrefab: {fileID: 100100000, guid: c0d79b04c85a0e8499b464955b7003a5, type: 3}
--- !u!4 &8160114659514517073 stripped
Transform:
  m_CorrespondingSourceObject: {fileID: 3878964397715903831, guid: c0d79b04c85a0e8499b464955b7003a5, type: 3}
  m_PrefabInstance: {fileID: 4965874572834132742}
  m_PrefabAsset: {fileID: 0}
--- !u!1001 &6066958613219729265
PrefabInstance:
  m_ObjectHideFlags: 0
  serializedVersion: 2
  m_Modification:
    m_TransformParent: {fileID: 6590258333909552100}
    m_Modifications:
    - target: {fileID: 3090546254393055124, guid: 965ea60d930d76743924c56d4741a2dc, type: 3}
      propertyPath: m_Name
      value: Cleaners_Walls_Lvl_3
      objectReference: {fileID: 0}
    - target: {fileID: 7788672338326299571, guid: 965ea60d930d76743924c56d4741a2dc, type: 3}
      propertyPath: m_RootOrder
      value: 5
      objectReference: {fileID: 0}
    - target: {fileID: 7788672338326299571, guid: 965ea60d930d76743924c56d4741a2dc, type: 3}
      propertyPath: m_LocalPosition.x
      value: 2.5431824
      objectReference: {fileID: 0}
    - target: {fileID: 7788672338326299571, guid: 965ea60d930d76743924c56d4741a2dc, type: 3}
      propertyPath: m_LocalPosition.y
      value: 0.46857858
      objectReference: {fileID: 0}
    - target: {fileID: 7788672338326299571, guid: 965ea60d930d76743924c56d4741a2dc, type: 3}
      propertyPath: m_LocalPosition.z
      value: 2.0994606
      objectReference: {fileID: 0}
    - target: {fileID: 7788672338326299571, guid: 965ea60d930d76743924c56d4741a2dc, type: 3}
      propertyPath: m_LocalRotation.w
      value: 1
      objectReference: {fileID: 0}
    - target: {fileID: 7788672338326299571, guid: 965ea60d930d76743924c56d4741a2dc, type: 3}
      propertyPath: m_LocalRotation.x
      value: -0
      objectReference: {fileID: 0}
    - target: {fileID: 7788672338326299571, guid: 965ea60d930d76743924c56d4741a2dc, type: 3}
      propertyPath: m_LocalRotation.y
      value: -0
      objectReference: {fileID: 0}
    - target: {fileID: 7788672338326299571, guid: 965ea60d930d76743924c56d4741a2dc, type: 3}
      propertyPath: m_LocalRotation.z
      value: -0
      objectReference: {fileID: 0}
    - target: {fileID: 7788672338326299571, guid: 965ea60d930d76743924c56d4741a2dc, type: 3}
      propertyPath: m_LocalEulerAnglesHint.x
      value: 0
      objectReference: {fileID: 0}
    - target: {fileID: 7788672338326299571, guid: 965ea60d930d76743924c56d4741a2dc, type: 3}
      propertyPath: m_LocalEulerAnglesHint.y
      value: 0
      objectReference: {fileID: 0}
    - target: {fileID: 7788672338326299571, guid: 965ea60d930d76743924c56d4741a2dc, type: 3}
      propertyPath: m_LocalEulerAnglesHint.z
      value: 0
      objectReference: {fileID: 0}
    m_RemovedComponents: []
  m_SourcePrefab: {fileID: 100100000, guid: 965ea60d930d76743924c56d4741a2dc, type: 3}
--- !u!4 &4045576684146851010 stripped
Transform:
  m_CorrespondingSourceObject: {fileID: 7788672338326299571, guid: 965ea60d930d76743924c56d4741a2dc, type: 3}
  m_PrefabInstance: {fileID: 6066958613219729265}
  m_PrefabAsset: {fileID: 0}
--- !u!1001 &6513967739111998891
PrefabInstance:
  m_ObjectHideFlags: 0
  serializedVersion: 2
  m_Modification:
    m_TransformParent: {fileID: 6590258333909552100}
    m_Modifications:
    - target: {fileID: 4639280864985194947, guid: 1b933f3fcf89b5b44bdb161898790e1f, type: 3}
      propertyPath: m_Name
      value: Cleaners_Walls_Lvl_1
      objectReference: {fileID: 0}
    - target: {fileID: 8011744475050422167, guid: 1b933f3fcf89b5b44bdb161898790e1f, type: 3}
      propertyPath: m_RootOrder
      value: 1
      objectReference: {fileID: 0}
    - target: {fileID: 8011744475050422167, guid: 1b933f3fcf89b5b44bdb161898790e1f, type: 3}
      propertyPath: m_LocalPosition.x
      value: 2.5431824
      objectReference: {fileID: 0}
    - target: {fileID: 8011744475050422167, guid: 1b933f3fcf89b5b44bdb161898790e1f, type: 3}
      propertyPath: m_LocalPosition.y
      value: 0.46857858
      objectReference: {fileID: 0}
    - target: {fileID: 8011744475050422167, guid: 1b933f3fcf89b5b44bdb161898790e1f, type: 3}
      propertyPath: m_LocalPosition.z
      value: 2.0994606
      objectReference: {fileID: 0}
    - target: {fileID: 8011744475050422167, guid: 1b933f3fcf89b5b44bdb161898790e1f, type: 3}
      propertyPath: m_LocalRotation.w
      value: 1
      objectReference: {fileID: 0}
    - target: {fileID: 8011744475050422167, guid: 1b933f3fcf89b5b44bdb161898790e1f, type: 3}
      propertyPath: m_LocalRotation.x
      value: -0
      objectReference: {fileID: 0}
    - target: {fileID: 8011744475050422167, guid: 1b933f3fcf89b5b44bdb161898790e1f, type: 3}
      propertyPath: m_LocalRotation.y
      value: -0
      objectReference: {fileID: 0}
    - target: {fileID: 8011744475050422167, guid: 1b933f3fcf89b5b44bdb161898790e1f, type: 3}
      propertyPath: m_LocalRotation.z
      value: -0
      objectReference: {fileID: 0}
    - target: {fileID: 8011744475050422167, guid: 1b933f3fcf89b5b44bdb161898790e1f, type: 3}
      propertyPath: m_LocalEulerAnglesHint.x
      value: 0
      objectReference: {fileID: 0}
    - target: {fileID: 8011744475050422167, guid: 1b933f3fcf89b5b44bdb161898790e1f, type: 3}
      propertyPath: m_LocalEulerAnglesHint.y
      value: 0
      objectReference: {fileID: 0}
    - target: {fileID: 8011744475050422167, guid: 1b933f3fcf89b5b44bdb161898790e1f, type: 3}
      propertyPath: m_LocalEulerAnglesHint.z
      value: 0
      objectReference: {fileID: 0}
    m_RemovedComponents: []
  m_SourcePrefab: {fileID: 100100000, guid: 1b933f3fcf89b5b44bdb161898790e1f, type: 3}
--- !u!4 &3839648551302081084 stripped
Transform:
  m_CorrespondingSourceObject: {fileID: 8011744475050422167, guid: 1b933f3fcf89b5b44bdb161898790e1f, type: 3}
  m_PrefabInstance: {fileID: 6513967739111998891}
  m_PrefabAsset: {fileID: 0}
--- !u!1001 &6689355417502543640
PrefabInstance:
  m_ObjectHideFlags: 0
  serializedVersion: 2
  m_Modification:
    m_TransformParent: {fileID: 6590258333909552100}
    m_Modifications:
    - target: {fileID: 1924323684507651629, guid: 2b01065cff0a8534ba94e19076c034ce, type: 3}
      propertyPath: m_RootOrder
      value: 2
      objectReference: {fileID: 0}
    - target: {fileID: 1924323684507651629, guid: 2b01065cff0a8534ba94e19076c034ce, type: 3}
      propertyPath: m_LocalPosition.x
      value: 0
      objectReference: {fileID: 0}
    - target: {fileID: 1924323684507651629, guid: 2b01065cff0a8534ba94e19076c034ce, type: 3}
      propertyPath: m_LocalPosition.y
      value: 0
      objectReference: {fileID: 0}
    - target: {fileID: 1924323684507651629, guid: 2b01065cff0a8534ba94e19076c034ce, type: 3}
      propertyPath: m_LocalPosition.z
      value: 0
      objectReference: {fileID: 0}
    - target: {fileID: 1924323684507651629, guid: 2b01065cff0a8534ba94e19076c034ce, type: 3}
      propertyPath: m_LocalRotation.w
      value: 1
      objectReference: {fileID: 0}
    - target: {fileID: 1924323684507651629, guid: 2b01065cff0a8534ba94e19076c034ce, type: 3}
      propertyPath: m_LocalRotation.x
      value: -0
      objectReference: {fileID: 0}
    - target: {fileID: 1924323684507651629, guid: 2b01065cff0a8534ba94e19076c034ce, type: 3}
      propertyPath: m_LocalRotation.y
      value: -0
      objectReference: {fileID: 0}
    - target: {fileID: 1924323684507651629, guid: 2b01065cff0a8534ba94e19076c034ce, type: 3}
      propertyPath: m_LocalRotation.z
      value: -0
      objectReference: {fileID: 0}
    - target: {fileID: 1924323684507651629, guid: 2b01065cff0a8534ba94e19076c034ce, type: 3}
      propertyPath: m_LocalEulerAnglesHint.x
      value: 0
      objectReference: {fileID: 0}
    - target: {fileID: 1924323684507651629, guid: 2b01065cff0a8534ba94e19076c034ce, type: 3}
      propertyPath: m_LocalEulerAnglesHint.y
      value: 0
      objectReference: {fileID: 0}
    - target: {fileID: 1924323684507651629, guid: 2b01065cff0a8534ba94e19076c034ce, type: 3}
      propertyPath: m_LocalEulerAnglesHint.z
      value: 0
      objectReference: {fileID: 0}
    - target: {fileID: 3800465172934768113, guid: 2b01065cff0a8534ba94e19076c034ce, type: 3}
      propertyPath: m_Name
      value: Cleaners_floor_lvl2
      objectReference: {fileID: 0}
    m_RemovedComponents: []
  m_SourcePrefab: {fileID: 100100000, guid: 2b01065cff0a8534ba94e19076c034ce, type: 3}
--- !u!4 &5071562793109545269 stripped
Transform:
  m_CorrespondingSourceObject: {fileID: 1924323684507651629, guid: 2b01065cff0a8534ba94e19076c034ce, type: 3}
  m_PrefabInstance: {fileID: 6689355417502543640}
  m_PrefabAsset: {fileID: 0}
--- !u!1001 &7706919882034619519
PrefabInstance:
  m_ObjectHideFlags: 0
  serializedVersion: 2
  m_Modification:
    m_TransformParent: {fileID: 6590258333909552100}
    m_Modifications:
    - target: {fileID: 1790737534217151851, guid: c3c1d90c5a8a66349a5629ed192a0781, type: 3}
      propertyPath: m_RootOrder
      value: 4
      objectReference: {fileID: 0}
    - target: {fileID: 1790737534217151851, guid: c3c1d90c5a8a66349a5629ed192a0781, type: 3}
      propertyPath: m_LocalPosition.x
      value: 0
      objectReference: {fileID: 0}
    - target: {fileID: 1790737534217151851, guid: c3c1d90c5a8a66349a5629ed192a0781, type: 3}
      propertyPath: m_LocalPosition.y
      value: 0
      objectReference: {fileID: 0}
    - target: {fileID: 1790737534217151851, guid: c3c1d90c5a8a66349a5629ed192a0781, type: 3}
      propertyPath: m_LocalPosition.z
      value: 0
      objectReference: {fileID: 0}
    - target: {fileID: 1790737534217151851, guid: c3c1d90c5a8a66349a5629ed192a0781, type: 3}
      propertyPath: m_LocalRotation.w
      value: 1
      objectReference: {fileID: 0}
    - target: {fileID: 1790737534217151851, guid: c3c1d90c5a8a66349a5629ed192a0781, type: 3}
      propertyPath: m_LocalRotation.x
      value: -0
      objectReference: {fileID: 0}
    - target: {fileID: 1790737534217151851, guid: c3c1d90c5a8a66349a5629ed192a0781, type: 3}
      propertyPath: m_LocalRotation.y
      value: -0
      objectReference: {fileID: 0}
    - target: {fileID: 1790737534217151851, guid: c3c1d90c5a8a66349a5629ed192a0781, type: 3}
      propertyPath: m_LocalRotation.z
      value: -0
      objectReference: {fileID: 0}
    - target: {fileID: 1790737534217151851, guid: c3c1d90c5a8a66349a5629ed192a0781, type: 3}
      propertyPath: m_LocalEulerAnglesHint.x
      value: 0
      objectReference: {fileID: 0}
    - target: {fileID: 1790737534217151851, guid: c3c1d90c5a8a66349a5629ed192a0781, type: 3}
      propertyPath: m_LocalEulerAnglesHint.y
      value: 0
      objectReference: {fileID: 0}
    - target: {fileID: 1790737534217151851, guid: c3c1d90c5a8a66349a5629ed192a0781, type: 3}
      propertyPath: m_LocalEulerAnglesHint.z
      value: 0
      objectReference: {fileID: 0}
    - target: {fileID: 3949831209635208887, guid: c3c1d90c5a8a66349a5629ed192a0781, type: 3}
      propertyPath: m_Name
      value: Cleaners_floor_lvl3
      objectReference: {fileID: 0}
    m_RemovedComponents: []
  m_SourcePrefab: {fileID: 100100000, guid: c3c1d90c5a8a66349a5629ed192a0781, type: 3}
--- !u!4 &8227373381753323796 stripped
Transform:
  m_CorrespondingSourceObject: {fileID: 1790737534217151851, guid: c3c1d90c5a8a66349a5629ed192a0781, type: 3}
  m_PrefabInstance: {fileID: 7706919882034619519}
  m_PrefabAsset: {fileID: 0}
--- !u!1001 &9031591718254063976
PrefabInstance:
  m_ObjectHideFlags: 0
  serializedVersion: 2
  m_Modification:
    m_TransformParent: {fileID: 6590258333909552100}
    m_Modifications:
    - target: {fileID: 2283522087648256042, guid: 650de5c0e35a0e544ab01fc23a9b67e7, type: 3}
      propertyPath: m_Name
      value: Closed_State_Cleaners_floor_lvl0
      objectReference: {fileID: 0}
    - target: {fileID: 2283522087648256042, guid: 650de5c0e35a0e544ab01fc23a9b67e7, type: 3}
      propertyPath: m_IsActive
      value: 0
      objectReference: {fileID: 0}
    - target: {fileID: 3583132469286558710, guid: 650de5c0e35a0e544ab01fc23a9b67e7, type: 3}
      propertyPath: m_RootOrder
      value: 7
      objectReference: {fileID: 0}
    - target: {fileID: 3583132469286558710, guid: 650de5c0e35a0e544ab01fc23a9b67e7, type: 3}
      propertyPath: m_LocalPosition.x
      value: 0
      objectReference: {fileID: 0}
    - target: {fileID: 3583132469286558710, guid: 650de5c0e35a0e544ab01fc23a9b67e7, type: 3}
      propertyPath: m_LocalPosition.y
      value: 0
      objectReference: {fileID: 0}
    - target: {fileID: 3583132469286558710, guid: 650de5c0e35a0e544ab01fc23a9b67e7, type: 3}
      propertyPath: m_LocalPosition.z
      value: 0
      objectReference: {fileID: 0}
    - target: {fileID: 3583132469286558710, guid: 650de5c0e35a0e544ab01fc23a9b67e7, type: 3}
      propertyPath: m_LocalRotation.w
      value: 1
      objectReference: {fileID: 0}
    - target: {fileID: 3583132469286558710, guid: 650de5c0e35a0e544ab01fc23a9b67e7, type: 3}
      propertyPath: m_LocalRotation.x
      value: -0
      objectReference: {fileID: 0}
    - target: {fileID: 3583132469286558710, guid: 650de5c0e35a0e544ab01fc23a9b67e7, type: 3}
      propertyPath: m_LocalRotation.y
      value: -0
      objectReference: {fileID: 0}
    - target: {fileID: 3583132469286558710, guid: 650de5c0e35a0e544ab01fc23a9b67e7, type: 3}
      propertyPath: m_LocalRotation.z
      value: -0
      objectReference: {fileID: 0}
    - target: {fileID: 3583132469286558710, guid: 650de5c0e35a0e544ab01fc23a9b67e7, type: 3}
      propertyPath: m_LocalEulerAnglesHint.x
      value: 0
      objectReference: {fileID: 0}
    - target: {fileID: 3583132469286558710, guid: 650de5c0e35a0e544ab01fc23a9b67e7, type: 3}
      propertyPath: m_LocalEulerAnglesHint.y
      value: 0
      objectReference: {fileID: 0}
    - target: {fileID: 3583132469286558710, guid: 650de5c0e35a0e544ab01fc23a9b67e7, type: 3}
      propertyPath: m_LocalEulerAnglesHint.z
      value: 0
      objectReference: {fileID: 0}
    m_RemovedComponents: []
  m_SourcePrefab: {fileID: 100100000, guid: 650de5c0e35a0e544ab01fc23a9b67e7, type: 3}
--- !u!4 &5543789509983529630 stripped
Transform:
  m_CorrespondingSourceObject: {fileID: 3583132469286558710, guid: 650de5c0e35a0e544ab01fc23a9b67e7, type: 3}
  m_PrefabInstance: {fileID: 9031591718254063976}
  m_PrefabAsset: {fileID: 0}
