%YAML 1.1
%TAG !u! tag:unity3d.com,2011:
--- !u!1 &361777520392103148
GameObject:
  m_ObjectHideFlags: 0
  m_CorrespondingSourceObject: {fileID: 0}
  m_PrefabInstance: {fileID: 0}
  m_PrefabAsset: {fileID: 0}
  serializedVersion: 6
  m_Component:
  - component: {fileID: 5602251797262929644}
  - component: {fileID: 8167681713785988093}
  m_Layer: 0
  m_Name: Bartender_4_IO
  m_TagString: Untagged
  m_Icon: {fileID: 0}
  m_NavMeshLayer: 0
  m_StaticEditorFlags: 0
  m_IsActive: 1
--- !u!4 &5602251797262929644
Transform:
  m_ObjectHideFlags: 0
  m_CorrespondingSourceObject: {fileID: 0}
  m_PrefabInstance: {fileID: 0}
  m_PrefabAsset: {fileID: 0}
  m_GameObject: {fileID: 361777520392103148}
  m_LocalRotation: {x: -0, y: -0, z: -0, w: 1}
  m_LocalPosition: {x: 0, y: 0, z: 0}
  m_LocalScale: {x: 1, y: 1, z: 1}
  m_ConstrainProportionsScale: 0
  m_Children: []
  m_Father: {fileID: 8617628472980935110}
  m_RootOrder: 0
  m_LocalEulerAnglesHint: {x: 0, y: 0, z: 0}
--- !u!114 &8167681713785988093
MonoBehaviour:
  m_ObjectHideFlags: 0
  m_CorrespondingSourceObject: {fileID: 0}
  m_PrefabInstance: {fileID: 0}
  m_PrefabAsset: {fileID: 0}
  m_GameObject: {fileID: 361777520392103148}
  m_Enabled: 1
  m_EditorHideFlags: 0
  m_Script: {fileID: 11500000, guid: d5a7a12054006f840a70cafeb9250395, type: 3}
  m_Name: 
  m_EditorClassIdentifier: 
  NPCId: Bartender_4
  GizmoSizeMultiplier: 1
  TeleportToRootOnInteract: 1
  UseRootRotationOnInteract: 0
  PlayTeleportFx: 0
  ExitPosition: {fileID: 0}
  OnInteractionStart:
    m_PersistentCalls:
      m_Calls: []
  OnInteractionEnd:
    m_PersistentCalls:
      m_Calls: []
  InteractionStartAnimationTrigger: 
  InteractionMovingAnimationTrigger: 
  InteractAnimationBoolParam: 
  isOccupied: 0
  interactionTime: 10
  UsePreview: 0
  PreviewObject: {fileID: 0}
  PreviewAnimation: {fileID: 0}
  animationPosition: 0
--- !u!1 &769025733496024864
GameObject:
  m_ObjectHideFlags: 0
  m_CorrespondingSourceObject: {fileID: 0}
  m_PrefabInstance: {fileID: 0}
  m_PrefabAsset: {fileID: 0}
  serializedVersion: 6
  m_Component:
  - component: {fileID: 4249951424987976591}
  - component: {fileID: 3230172994719811756}
  m_Layer: 0
  m_Name: Client_4_IO
  m_TagString: Untagged
  m_Icon: {fileID: 0}
  m_NavMeshLayer: 0
  m_StaticEditorFlags: 0
  m_IsActive: 1
--- !u!4 &4249951424987976591
Transform:
  m_ObjectHideFlags: 0
  m_CorrespondingSourceObject: {fileID: 0}
  m_PrefabInstance: {fileID: 0}
  m_PrefabAsset: {fileID: 0}
  m_GameObject: {fileID: 769025733496024864}
  m_LocalRotation: {x: -0, y: -0, z: -0, w: 1}
  m_LocalPosition: {x: 0, y: 0, z: 0}
  m_LocalScale: {x: 1, y: 1, z: 1}
  m_ConstrainProportionsScale: 0
  m_Children: []
  m_Father: {fileID: 7715769961785546813}
  m_RootOrder: 0
  m_LocalEulerAnglesHint: {x: 0, y: 0, z: 0}
--- !u!114 &3230172994719811756
MonoBehaviour:
  m_ObjectHideFlags: 0
  m_CorrespondingSourceObject: {fileID: 0}
  m_PrefabInstance: {fileID: 0}
  m_PrefabAsset: {fileID: 0}
  m_GameObject: {fileID: 769025733496024864}
  m_Enabled: 1
  m_EditorHideFlags: 0
  m_Script: {fileID: 11500000, guid: d5a7a12054006f840a70cafeb9250395, type: 3}
  m_Name: 
  m_EditorClassIdentifier: 
  NPCId: Client_4
  GizmoSizeMultiplier: 1
  TeleportToRootOnInteract: 1
  UseRootRotationOnInteract: 0
  PlayTeleportFx: 0
  ExitPosition: {fileID: 0}
  OnInteractionStart:
    m_PersistentCalls:
      m_Calls: []
  OnInteractionEnd:
    m_PersistentCalls:
      m_Calls: []
  InteractionStartAnimationTrigger: 
  InteractionMovingAnimationTrigger: 
  InteractAnimationBoolParam: 
  isOccupied: 0
  interactionTime: 10
  UsePreview: 0
  PreviewObject: {fileID: 0}
  PreviewAnimation: {fileID: 0}
  animationPosition: 0
--- !u!1 &1558574773804342511
GameObject:
  m_ObjectHideFlags: 0
  m_CorrespondingSourceObject: {fileID: 0}
  m_PrefabInstance: {fileID: 0}
  m_PrefabAsset: {fileID: 0}
  serializedVersion: 6
  m_Component:
  - component: {fileID: 8617628472980935110}
  - component: {fileID: 4482273639602443885}
  - component: {fileID: 4827186146126821761}
  - component: {fileID: 8023618548879787959}
  m_Layer: 0
  m_Name: Bar_chair4_bartender_spending_zone
  m_TagString: Untagged
  m_Icon: {fileID: 0}
  m_NavMeshLayer: 0
  m_StaticEditorFlags: 0
  m_IsActive: 1
--- !u!4 &8617628472980935110
Transform:
  m_ObjectHideFlags: 0
  m_CorrespondingSourceObject: {fileID: 0}
  m_PrefabInstance: {fileID: 0}
  m_PrefabAsset: {fileID: 0}
  m_GameObject: {fileID: 1558574773804342511}
  m_LocalRotation: {x: 0, y: 0, z: 0, w: 1}
  m_LocalPosition: {x: 0, y: 0, z: 0}
  m_LocalScale: {x: 1, y: 1, z: 1}
  m_ConstrainProportionsScale: 0
  m_Children:
  - {fileID: 5602251797262929644}
  m_Father: {fileID: 5668329818738285667}
  m_RootOrder: 1
  m_LocalEulerAnglesHint: {x: 0, y: 0, z: 0}
--- !u!114 &4482273639602443885
MonoBehaviour:
  m_ObjectHideFlags: 0
  m_CorrespondingSourceObject: {fileID: 0}
  m_PrefabInstance: {fileID: 0}
  m_PrefabAsset: {fileID: 0}
  m_GameObject: {fileID: 1558574773804342511}
  m_Enabled: 1
  m_EditorHideFlags: 0
  m_Script: {fileID: 11500000, guid: e71f234bd5cf44fc851ef10fe90de8a9, type: 3}
  m_Name: 
  m_EditorClassIdentifier: 
  _capacity: 0
  _currentAmount: 0
  isEndlessResources: 0
  OnAmountChanged: []
  _progressBar: {fileID: 0}
  _digitsAfterPointInNumbers: 0
  _alwaysShow: 1
  _progressBarShowTime: 0
  percentToShowCollectButton: 0
  onCollectingAvailable:
    m_PersistentCalls:
      m_Calls: []
  onResourceCollected:
    m_PersistentCalls:
      m_Calls: []
  collectSpawnPoint: {fileID: 0}
--- !u!114 &4827186146126821761
MonoBehaviour:
  m_ObjectHideFlags: 0
  m_CorrespondingSourceObject: {fileID: 0}
  m_PrefabInstance: {fileID: 0}
  m_PrefabAsset: {fileID: 0}
  m_GameObject: {fileID: 1558574773804342511}
  m_Enabled: 1
  m_EditorHideFlags: 0
  m_Script: {fileID: 11500000, guid: cbce59df0d224021b7dcd20ffee48da8, type: 3}
  m_Name: 
  m_EditorClassIdentifier: 
  addToServiceOnStart: 1
  _id: Bar_chair4_bartender_spending_zone
  _interactableObjects:
  - {fileID: 8167681713785988093}
  _service: {fileID: 11400000, guid: bc8992c43d156444f938e8859ad6ab67, type: 2}
  isBooked: 0
  isActivated: 0
  _spendingMultiplier: 1
  _popUpWorldIconsScheme: {fileID: 11400000, guid: cfb14300fb37e4d4c966af9ac1620080, type: 2}
--- !u!114 &8023618548879787959
MonoBehaviour:
  m_ObjectHideFlags: 0
  m_CorrespondingSourceObject: {fileID: 0}
  m_PrefabInstance: {fileID: 0}
  m_PrefabAsset: {fileID: 0}
  m_GameObject: {fileID: 1558574773804342511}
  m_Enabled: 1
  m_EditorHideFlags: 0
  m_Script: {fileID: 11500000, guid: da02665d9f1f464bb14e1c6720b10d49, type: 3}
  m_Name: 
  m_EditorClassIdentifier: 
  _transferFrom: {fileID: 4827186146126821761}
  _transferTo: {fileID: 1388697914229464448}
  _frequency: 0.001
  _multiplier: 1
  onTransferComplete:
    m_PersistentCalls:
      m_Calls: []
  gettingZones: []
--- !u!1 &2320328601566236053
GameObject:
  m_ObjectHideFlags: 0
  m_CorrespondingSourceObject: {fileID: 0}
  m_PrefabInstance: {fileID: 0}
  m_PrefabAsset: {fileID: 0}
  serializedVersion: 6
  m_Component:
  - component: {fileID: 8111663961254185857}
  - component: {fileID: 637457886509802617}
  m_Layer: 0
  m_Name: Bartender_4_IO
  m_TagString: Untagged
  m_Icon: {fileID: 0}
  m_NavMeshLayer: 0
  m_StaticEditorFlags: 0
  m_IsActive: 1
--- !u!4 &8111663961254185857
Transform:
  m_ObjectHideFlags: 0
  m_CorrespondingSourceObject: {fileID: 0}
  m_PrefabInstance: {fileID: 0}
  m_PrefabAsset: {fileID: 0}
  m_GameObject: {fileID: 2320328601566236053}
  m_LocalRotation: {x: -0, y: -0, z: -0, w: 1}
  m_LocalPosition: {x: 0, y: 0, z: 0}
  m_LocalScale: {x: 1, y: 1, z: 1}
  m_ConstrainProportionsScale: 0
  m_Children: []
  m_Father: {fileID: 5668329818738285667}
  m_RootOrder: 2
  m_LocalEulerAnglesHint: {x: 0, y: 0, z: 0}
--- !u!114 &637457886509802617
MonoBehaviour:
  m_ObjectHideFlags: 0
  m_CorrespondingSourceObject: {fileID: 0}
  m_PrefabInstance: {fileID: 0}
  m_PrefabAsset: {fileID: 0}
  m_GameObject: {fileID: 2320328601566236053}
  m_Enabled: 1
  m_EditorHideFlags: 0
  m_Script: {fileID: 11500000, guid: d5a7a12054006f840a70cafeb9250395, type: 3}
  m_Name: 
  m_EditorClassIdentifier: 
  NPCId: Bartender_4
  GizmoSizeMultiplier: 1
  TeleportToRootOnInteract: 1
  UseRootRotationOnInteract: 0
  PlayTeleportFx: 0
  ExitPosition: {fileID: 0}
  OnInteractionStart:
    m_PersistentCalls:
      m_Calls: []
  OnInteractionEnd:
    m_PersistentCalls:
      m_Calls: []
  InteractionStartAnimationTrigger: 
  InteractionMovingAnimationTrigger: 
  InteractAnimationBoolParam: 
  isOccupied: 0
  interactionTime: 10
  UsePreview: 0
  PreviewObject: {fileID: 0}
  PreviewAnimation: {fileID: 0}
  animationPosition: 0
--- !u!1 &2678336700311650608
GameObject:
  m_ObjectHideFlags: 0
  m_CorrespondingSourceObject: {fileID: 0}
  m_PrefabInstance: {fileID: 0}
  m_PrefabAsset: {fileID: 0}
  serializedVersion: 6
  m_Component:
  - component: {fileID: 7715769961785546813}
  - component: {fileID: 245307342323531431}
  - component: {fileID: 1388697914229464448}
  m_Layer: 0
  m_Name: Bar_chair4_client_getting_zone
  m_TagString: Untagged
  m_Icon: {fileID: 0}
  m_NavMeshLayer: 0
  m_StaticEditorFlags: 0
  m_IsActive: 1
--- !u!4 &7715769961785546813
Transform:
  m_ObjectHideFlags: 0
  m_CorrespondingSourceObject: {fileID: 0}
  m_PrefabInstance: {fileID: 0}
  m_PrefabAsset: {fileID: 0}
  m_GameObject: {fileID: 2678336700311650608}
  m_LocalRotation: {x: 0, y: 0, z: 0, w: 1}
  m_LocalPosition: {x: 0, y: 0, z: 0}
  m_LocalScale: {x: 1, y: 1, z: 1}
  m_ConstrainProportionsScale: 0
  m_Children:
  - {fileID: 4249951424987976591}
  m_Father: {fileID: 5668329818738285667}
  m_RootOrder: 0
  m_LocalEulerAnglesHint: {x: 0, y: 0, z: 0}
--- !u!114 &245307342323531431
MonoBehaviour:
  m_ObjectHideFlags: 0
  m_CorrespondingSourceObject: {fileID: 0}
  m_PrefabInstance: {fileID: 0}
  m_PrefabAsset: {fileID: 0}
  m_GameObject: {fileID: 2678336700311650608}
  m_Enabled: 1
  m_EditorHideFlags: 0
  m_Script: {fileID: 11500000, guid: e71f234bd5cf44fc851ef10fe90de8a9, type: 3}
  m_Name: 
  m_EditorClassIdentifier: 
  _capacity: 0
  _currentAmount: 0
  isEndlessResources: 0
  OnAmountChanged: []
  _progressBar: {fileID: 0}
  _digitsAfterPointInNumbers: 0
  _alwaysShow: 1
  _progressBarShowTime: 0
  percentToShowCollectButton: 0
  onCollectingAvailable:
    m_PersistentCalls:
      m_Calls: []
  onResourceCollected:
    m_PersistentCalls:
      m_Calls: []
  collectSpawnPoint: {fileID: 0}
--- !u!114 &1388697914229464448
MonoBehaviour:
  m_ObjectHideFlags: 0
  m_CorrespondingSourceObject: {fileID: 0}
  m_PrefabInstance: {fileID: 0}
  m_PrefabAsset: {fileID: 0}
  m_GameObject: {fileID: 2678336700311650608}
  m_Enabled: 1
  m_EditorHideFlags: 0
  m_Script: {fileID: 11500000, guid: 85778848c055488b906b87cb0a688f5b, type: 3}
  m_Name: 
  m_EditorClassIdentifier: 
  addToServiceOnStart: 0
  _id: Bar_chair4_client_getting_zone
  _interactableObjects:
  - {fileID: 3230172994719811756}
  _service: {fileID: 11400000, guid: 539493926fbbe234b92ffc305b07394b, type: 2}
  isBooked: 0
  isActivated: 0
  animator: {fileID: 0}
  isMaxAmountOnStart: 0
  _resourceLevel: 0
  _popUpWorldIconsScheme: {fileID: 11400000, guid: 8cde5ed4df2581e49995d75e38f8eb85, type: 2}
  _save:
    ID: 
    Level: 0
    CurrentAmount: 0
  doWorkEventDelay: 1
  doWorkEvent:
    m_PersistentCalls:
      m_Calls: []
--- !u!1 &2740504246898747951
GameObject:
  m_ObjectHideFlags: 0
  m_CorrespondingSourceObject: {fileID: 0}
  m_PrefabInstance: {fileID: 0}
  m_PrefabAsset: {fileID: 0}
  serializedVersion: 6
  m_Component:
  - component: {fileID: 8431934213196337589}
  - component: {fileID: 8987082865049476586}
  - component: {fileID: 6804143076366533650}
  - component: {fileID: 4105030353268862053}
  m_Layer: 0
  m_Name: Bar_chair4
  m_TagString: Untagged
  m_Icon: {fileID: 0}
  m_NavMeshLayer: 0
  m_StaticEditorFlags: 0
  m_IsActive: 1
--- !u!4 &8431934213196337589
Transform:
  m_ObjectHideFlags: 0
  m_CorrespondingSourceObject: {fileID: 0}
  m_PrefabInstance: {fileID: 0}
  m_PrefabAsset: {fileID: 0}
  m_GameObject: {fileID: 2740504246898747951}
  m_LocalRotation: {x: 0, y: 0, z: 0, w: 1}
  m_LocalPosition: {x: 0.16, y: 0.0070170164, z: 2.97}
  m_LocalScale: {x: 1, y: 1, z: 1}
  m_ConstrainProportionsScale: 0
  m_Children:
  - {fileID: 2984830187947997174}
  - {fileID: 5668329818738285667}
  m_Father: {fileID: 0}
  m_RootOrder: 0
  m_LocalEulerAnglesHint: {x: 0, y: 0, z: 0}
--- !u!114 &8987082865049476586
MonoBehaviour:
  m_ObjectHideFlags: 0
  m_CorrespondingSourceObject: {fileID: 0}
  m_PrefabInstance: {fileID: 0}
  m_PrefabAsset: {fileID: 0}
  m_GameObject: {fileID: 2740504246898747951}
  m_Enabled: 1
  m_EditorHideFlags: 0
  m_Script: {fileID: 11500000, guid: 023ff7a1f86a4a144a0d7676da711ef1, type: 3}
  m_Name: 
  m_EditorClassIdentifier: 
  cameraOrtoSize: 20
--- !u!114 &6804143076366533650
MonoBehaviour:
  m_ObjectHideFlags: 0
  m_CorrespondingSourceObject: {fileID: 0}
  m_PrefabInstance: {fileID: 0}
  m_PrefabAsset: {fileID: 0}
  m_GameObject: {fileID: 2740504246898747951}
  m_Enabled: 1
  m_EditorHideFlags: 0
  m_Script: {fileID: 11500000, guid: 44a0512badd6d7e408e032009ef853ac, type: 3}
  m_Name: 
  m_EditorClassIdentifier: 
  addToServiceOnStart: 1
  _id: Bar_chair4
  _interactableObjects:
  - {fileID: 3230172994719811756}
  - {fileID: 637457886509802617}
  _service: {fileID: 11400000, guid: bc8992c43d156444f938e8859ad6ab67, type: 2}
  isBooked: 0
  isActivated: 0
  _stats:
    Level: 0
    ResourcesCapacity: 0
    UpgradeTime: 0
    UpgradePriceCoins: 0
    StatPleasure: 0
    UpgradePriceRedGems: 0
    UpgradePriceGreenGems: 0
    UpgradePriceBlueGems: 0
  _cameraTarget: {fileID: 0}
  _storage: {fileID: 0}
  workingZones:
  - {fileID: 522875417839116707}
  - {fileID: 1388697914229464448}
  onActivated:
    m_PersistentCalls:
      m_Calls: []
  onUpgraded:
    m_PersistentCalls:
      m_Calls: []
  _materialChanger: {fileID: 0}
  _resourceLevel: 0
  showAtServiceMenu: 1
--- !u!114 &4105030353268862053
MonoBehaviour:
  m_ObjectHideFlags: 0
  m_CorrespondingSourceObject: {fileID: 0}
  m_PrefabInstance: {fileID: 0}
  m_PrefabAsset: {fileID: 0}
  m_GameObject: {fileID: 2740504246898747951}
  m_Enabled: 1
  m_EditorHideFlags: 0
  m_Script: {fileID: 11500000, guid: f8ae9a2493d8d47419a48b5abeeaa075, type: 3}
  m_Name: 
  m_EditorClassIdentifier: 
  needToHideObjects: 0
  graphicsContainer: []
  OnBuildingSelect:
    m_PersistentCalls:
      m_Calls: []
  OnBuildingDeselect:
    m_PersistentCalls:
      m_Calls: []
  currentLevelProp: {fileID: 0}
  _propsBehaviour: {fileID: 0}
--- !u!1 &4864074112841237877
GameObject:
  m_ObjectHideFlags: 0
  m_CorrespondingSourceObject: {fileID: 0}
  m_PrefabInstance: {fileID: 0}
  m_PrefabAsset: {fileID: 0}
  serializedVersion: 6
  m_Component:
  - component: {fileID: 5668329818738285667}
  - component: {fileID: 7290531804098262321}
  - component: {fileID: 522875417839116707}
  - component: {fileID: 2409994164852859352}
  - component: {fileID: 4776068738160453568}
  m_Layer: 0
  m_Name: Bar_chair4_bartender_getting_zone
  m_TagString: Untagged
  m_Icon: {fileID: 0}
  m_NavMeshLayer: 0
  m_StaticEditorFlags: 0
  m_IsActive: 1
--- !u!4 &5668329818738285667
Transform:
  m_ObjectHideFlags: 0
  m_CorrespondingSourceObject: {fileID: 0}
  m_PrefabInstance: {fileID: 0}
  m_PrefabAsset: {fileID: 0}
  m_GameObject: {fileID: 4864074112841237877}
  m_LocalRotation: {x: 0, y: 0, z: 0, w: 1}
  m_LocalPosition: {x: 0, y: 0, z: 0}
  m_LocalScale: {x: 1, y: 1, z: 1}
  m_ConstrainProportionsScale: 0
  m_Children:
  - {fileID: 7715769961785546813}
  - {fileID: 8617628472980935110}
  - {fileID: 8111663961254185857}
  - {fileID: 4577503888677074925}
  m_Father: {fileID: 8431934213196337589}
  m_RootOrder: 1
  m_LocalEulerAnglesHint: {x: 0, y: 0, z: 0}
--- !u!114 &7290531804098262321
MonoBehaviour:
  m_ObjectHideFlags: 0
  m_CorrespondingSourceObject: {fileID: 0}
  m_PrefabInstance: {fileID: 0}
  m_PrefabAsset: {fileID: 0}
  m_GameObject: {fileID: 4864074112841237877}
  m_Enabled: 1
  m_EditorHideFlags: 0
  m_Script: {fileID: 11500000, guid: e71f234bd5cf44fc851ef10fe90de8a9, type: 3}
  m_Name: 
  m_EditorClassIdentifier: 
  _capacity: 0
  _currentAmount: 0
  isEndlessResources: 0
  OnAmountChanged: []
  _progressBar: {fileID: 0}
  _digitsAfterPointInNumbers: 0
  _alwaysShow: 1
  _progressBarShowTime: 0
  percentToShowCollectButton: 0
  onCollectingAvailable:
    m_PersistentCalls:
      m_Calls: []
  onResourceCollected:
    m_PersistentCalls:
      m_Calls: []
  collectSpawnPoint: {fileID: 0}
--- !u!114 &522875417839116707
MonoBehaviour:
  m_ObjectHideFlags: 0
  m_CorrespondingSourceObject: {fileID: 0}
  m_PrefabInstance: {fileID: 0}
  m_PrefabAsset: {fileID: 0}
  m_GameObject: {fileID: 4864074112841237877}
  m_Enabled: 1
  m_EditorHideFlags: 0
  m_Script: {fileID: 11500000, guid: 85778848c055488b906b87cb0a688f5b, type: 3}
  m_Name: 
  m_EditorClassIdentifier: 
  addToServiceOnStart: 0
  _id: Bar_chair4_bartender_getting_zone
  _interactableObjects:
  - {fileID: 637457886509802617}
  _service: {fileID: 11400000, guid: bc8992c43d156444f938e8859ad6ab67, type: 2}
  isBooked: 0
  isActivated: 0
  animator: {fileID: 0}
  isMaxAmountOnStart: 0
  _resourceLevel: 0
  _popUpWorldIconsScheme: {fileID: 11400000, guid: cfb14300fb37e4d4c966af9ac1620080, type: 2}
  _save:
    ID: 
    Level: 0
    CurrentAmount: 0
  doWorkEventDelay: 1
  doWorkEvent:
    m_PersistentCalls:
      m_Calls: []
--- !u!114 &2409994164852859352
MonoBehaviour:
  m_ObjectHideFlags: 0
  m_CorrespondingSourceObject: {fileID: 0}
  m_PrefabInstance: {fileID: 0}
  m_PrefabAsset: {fileID: 0}
  m_GameObject: {fileID: 4864074112841237877}
  m_Enabled: 1
  m_EditorHideFlags: 0
  m_Script: {fileID: 11500000, guid: 0195ba30b51b0dd4e9245236a7f9e8b0, type: 3}
  m_Name: 
  m_EditorClassIdentifier: 
  _transferFrom: {fileID: 0}
  _transferTo: {fileID: 0}
  fillFullStorage: 1
--- !u!114 &4776068738160453568
MonoBehaviour:
  m_ObjectHideFlags: 0
  m_CorrespondingSourceObject: {fileID: 0}
  m_PrefabInstance: {fileID: 0}
  m_PrefabAsset: {fileID: 0}
  m_GameObject: {fileID: 4864074112841237877}
  m_Enabled: 1
  m_EditorHideFlags: 0
  m_Script: {fileID: 11500000, guid: 5e40b8932b2670241a24b34350a40c20, type: 3}
  m_Name: 
  m_EditorClassIdentifier: 
  addToServiceOnStart: 1
  _id: Bar_chair4_client_spending_zone
  _interactableObjects:
  - {fileID: 598532970499706472}
  _service: {fileID: 11400000, guid: 539493926fbbe234b92ffc305b07394b, type: 2}
  isBooked: 0
  isActivated: 0
  _spendingMultiplier: 1
  _popUpWorldIconsScheme: {fileID: 11400000, guid: 8cde5ed4df2581e49995d75e38f8eb85, type: 2}
  requirements: {fileID: 11400000, guid: 44438207fc19d914f853c90b5a9cbcc5, type: 2}
  requirementType: Drink
  zoneLevel: 0
--- !u!1 &7429442715537365352
GameObject:
  m_ObjectHideFlags: 0
  m_CorrespondingSourceObject: {fileID: 0}
  m_PrefabInstance: {fileID: 0}
  m_PrefabAsset: {fileID: 0}
  serializedVersion: 6
  m_Component:
  - component: {fileID: 4577503888677074925}
  - component: {fileID: 598532970499706472}
  m_Layer: 0
  m_Name: Client_4_IO
  m_TagString: Untagged
  m_Icon: {fileID: 0}
  m_NavMeshLayer: 0
  m_StaticEditorFlags: 0
  m_IsActive: 1
--- !u!4 &4577503888677074925
Transform:
  m_ObjectHideFlags: 0
  m_CorrespondingSourceObject: {fileID: 0}
  m_PrefabInstance: {fileID: 0}
  m_PrefabAsset: {fileID: 0}
  m_GameObject: {fileID: 7429442715537365352}
  m_LocalRotation: {x: -0, y: -0, z: -0, w: 1}
  m_LocalPosition: {x: 0, y: 0, z: 0}
  m_LocalScale: {x: 1, y: 1, z: 1}
  m_ConstrainProportionsScale: 0
  m_Children: []
  m_Father: {fileID: 5668329818738285667}
  m_RootOrder: 3
  m_LocalEulerAnglesHint: {x: 0, y: 0, z: 0}
--- !u!114 &598532970499706472
MonoBehaviour:
  m_ObjectHideFlags: 0
  m_CorrespondingSourceObject: {fileID: 0}
  m_PrefabInstance: {fileID: 0}
  m_PrefabAsset: {fileID: 0}
  m_GameObject: {fileID: 7429442715537365352}
  m_Enabled: 1
  m_EditorHideFlags: 0
  m_Script: {fileID: 11500000, guid: d5a7a12054006f840a70cafeb9250395, type: 3}
  m_Name: 
  m_EditorClassIdentifier: 
  NPCId: Client_4
  GizmoSizeMultiplier: 1
  TeleportToRootOnInteract: 1
  UseRootRotationOnInteract: 0
  PlayTeleportFx: 0
  ExitPosition: {fileID: 0}
  OnInteractionStart:
    m_PersistentCalls:
      m_Calls: []
  OnInteractionEnd:
    m_PersistentCalls:
      m_Calls: []
  InteractionStartAnimationTrigger: 
  InteractionMovingAnimationTrigger: 
  InteractAnimationBoolParam: 
  isOccupied: 0
  interactionTime: 10
  UsePreview: 0
  PreviewObject: {fileID: 0}
  PreviewAnimation: {fileID: 0}
  animationPosition: 0
--- !u!1001 &2984830187948387702
PrefabInstance:
  m_ObjectHideFlags: 0
  serializedVersion: 2
  m_Modification:
    m_TransformParent: {fileID: 8431934213196337589}
    m_Modifications:
    - target: {fileID: 100000, guid: 26860a6f791e14f468d4db7dd404e462, type: 3}
      propertyPath: m_Name
      value: Chair
      objectReference: {fileID: 0}
    - target: {fileID: 100000, guid: 26860a6f791e14f468d4db7dd404e462, type: 3}
      propertyPath: m_IsActive
      value: 1
      objectReference: {fileID: 0}
    - target: {fileID: 400000, guid: 26860a6f791e14f468d4db7dd404e462, type: 3}
      propertyPath: m_RootOrder
      value: 0
      objectReference: {fileID: 0}
    - target: {fileID: 400000, guid: 26860a6f791e14f468d4db7dd404e462, type: 3}
      propertyPath: m_LocalScale.x
      value: 0.58457
      objectReference: {fileID: 0}
    - target: {fileID: 400000, guid: 26860a6f791e14f468d4db7dd404e462, type: 3}
      propertyPath: m_LocalScale.y
      value: 0.58457
      objectReference: {fileID: 0}
    - target: {fileID: 400000, guid: 26860a6f791e14f468d4db7dd404e462, type: 3}
      propertyPath: m_LocalScale.z
      value: 0.58457
      objectReference: {fileID: 0}
    - target: {fileID: 400000, guid: 26860a6f791e14f468d4db7dd404e462, type: 3}
      propertyPath: m_LocalPosition.x
      value: 0
      objectReference: {fileID: 0}
    - target: {fileID: 400000, guid: 26860a6f791e14f468d4db7dd404e462, type: 3}
      propertyPath: m_LocalPosition.y
      value: 0
      objectReference: {fileID: 0}
    - target: {fileID: 400000, guid: 26860a6f791e14f468d4db7dd404e462, type: 3}
      propertyPath: m_LocalPosition.z
      value: 0
      objectReference: {fileID: 0}
    - target: {fileID: 400000, guid: 26860a6f791e14f468d4db7dd404e462, type: 3}
      propertyPath: m_LocalRotation.w
      value: 0.7071068
      objectReference: {fileID: 0}
    - target: {fileID: 400000, guid: 26860a6f791e14f468d4db7dd404e462, type: 3}
      propertyPath: m_LocalRotation.x
      value: -0.7071068
      objectReference: {fileID: 0}
    - target: {fileID: 400000, guid: 26860a6f791e14f468d4db7dd404e462, type: 3}
      propertyPath: m_LocalRotation.y
      value: 0
      objectReference: {fileID: 0}
    - target: {fileID: 400000, guid: 26860a6f791e14f468d4db7dd404e462, type: 3}
      propertyPath: m_LocalRotation.z
      value: 0
      objectReference: {fileID: 0}
    - target: {fileID: 400000, guid: 26860a6f791e14f468d4db7dd404e462, type: 3}
      propertyPath: m_LocalEulerAnglesHint.x
      value: -90
      objectReference: {fileID: 0}
    - target: {fileID: 400000, guid: 26860a6f791e14f468d4db7dd404e462, type: 3}
      propertyPath: m_LocalEulerAnglesHint.y
      value: 0
      objectReference: {fileID: 0}
    - target: {fileID: 400000, guid: 26860a6f791e14f468d4db7dd404e462, type: 3}
      propertyPath: m_LocalEulerAnglesHint.z
      value: 0
      objectReference: {fileID: 0}
    m_RemovedComponents: []
  m_SourcePrefab: {fileID: 100100000, guid: 26860a6f791e14f468d4db7dd404e462, type: 3}
--- !u!4 &2984830187947997174 stripped
Transform:
  m_CorrespondingSourceObject: {fileID: 400000, guid: 26860a6f791e14f468d4db7dd404e462, type: 3}
  m_PrefabInstance: {fileID: 2984830187948387702}
  m_PrefabAsset: {fileID: 0}
