%YAML 1.1
%TAG !u! tag:unity3d.com,2011:
--- !u!1 &641797620046563977
GameObject:
  m_ObjectHideFlags: 0
  m_CorrespondingSourceObject: {fileID: 0}
  m_PrefabInstance: {fileID: 0}
  m_PrefabAsset: {fileID: 0}
  serializedVersion: 6
  m_Component:
  - component: {fileID: 6737066475725498125}
  - component: {fileID: 2996003038522925594}
  m_Layer: 0
  m_Name: Client_7_IO
  m_TagString: Untagged
  m_Icon: {fileID: 0}
  m_NavMeshLayer: 0
  m_StaticEditorFlags: 0
  m_IsActive: 1
--- !u!4 &6737066475725498125
Transform:
  m_ObjectHideFlags: 0
  m_CorrespondingSourceObject: {fileID: 0}
  m_PrefabInstance: {fileID: 0}
  m_PrefabAsset: {fileID: 0}
  m_GameObject: {fileID: 641797620046563977}
  m_LocalRotation: {x: -0, y: -0, z: -0, w: 1}
  m_LocalPosition: {x: 0, y: 0, z: 0}
  m_LocalScale: {x: 1, y: 1, z: 1}
  m_ConstrainProportionsScale: 0
  m_Children: []
  m_Father: {fileID: 8623580256070182490}
  m_RootOrder: 3
  m_LocalEulerAnglesHint: {x: 0, y: 0, z: 0}
--- !u!114 &2996003038522925594
MonoBehaviour:
  m_ObjectHideFlags: 0
  m_CorrespondingSourceObject: {fileID: 0}
  m_PrefabInstance: {fileID: 0}
  m_PrefabAsset: {fileID: 0}
  m_GameObject: {fileID: 641797620046563977}
  m_Enabled: 1
  m_EditorHideFlags: 0
  m_Script: {fileID: 11500000, guid: d5a7a12054006f840a70cafeb9250395, type: 3}
  m_Name: 
  m_EditorClassIdentifier: 
  NPCId: Client_7
  GizmoSizeMultiplier: 1
  TeleportToRootOnInteract: 1
  UseRootRotationOnInteract: 0
  PlayTeleportFx: 0
  ExitPosition: {fileID: 0}
  OnInteractionStart:
    m_PersistentCalls:
      m_Calls: []
  OnInteractionEnd:
    m_PersistentCalls:
      m_Calls: []
  InteractionStartAnimationTrigger: 
  InteractionMovingAnimationTrigger: 
  InteractAnimationBoolParam: 
  isOccupied: 0
  interactionTime: 10
  UsePreview: 0
  PreviewObject: {fileID: 0}
  PreviewAnimation: {fileID: 0}
  animationPosition: 0
--- !u!1 &2124111328491123658
GameObject:
  m_ObjectHideFlags: 0
  m_CorrespondingSourceObject: {fileID: 0}
  m_PrefabInstance: {fileID: 0}
  m_PrefabAsset: {fileID: 0}
  serializedVersion: 6
  m_Component:
  - component: {fileID: 3260175498506013334}
  - component: {fileID: 8252876512806924302}
  - component: {fileID: 2857326952765475681}
  - component: {fileID: 8146668654708832644}
  m_Layer: 0
  m_Name: Bar_chair7
  m_TagString: Untagged
  m_Icon: {fileID: 0}
  m_NavMeshLayer: 0
  m_StaticEditorFlags: 0
  m_IsActive: 1
--- !u!4 &3260175498506013334
Transform:
  m_ObjectHideFlags: 0
  m_CorrespondingSourceObject: {fileID: 0}
  m_PrefabInstance: {fileID: 0}
  m_PrefabAsset: {fileID: 0}
  m_GameObject: {fileID: 2124111328491123658}
  m_LocalRotation: {x: 0, y: 0, z: 0, w: 1}
  m_LocalPosition: {x: 0.16, y: 0.0070170164, z: -0.08}
  m_LocalScale: {x: 1, y: 1, z: 1}
  m_ConstrainProportionsScale: 0
  m_Children:
  - {fileID: 4448395113602013517}
  - {fileID: 8623580256070182490}
  m_Father: {fileID: 0}
  m_RootOrder: 0
  m_LocalEulerAnglesHint: {x: 0, y: 0, z: 0}
--- !u!114 &8252876512806924302
MonoBehaviour:
  m_ObjectHideFlags: 0
  m_CorrespondingSourceObject: {fileID: 0}
  m_PrefabInstance: {fileID: 0}
  m_PrefabAsset: {fileID: 0}
  m_GameObject: {fileID: 2124111328491123658}
  m_Enabled: 1
  m_EditorHideFlags: 0
  m_Script: {fileID: 11500000, guid: 023ff7a1f86a4a144a0d7676da711ef1, type: 3}
  m_Name: 
  m_EditorClassIdentifier: 
  cameraOrtoSize: 20
--- !u!114 &2857326952765475681
MonoBehaviour:
  m_ObjectHideFlags: 0
  m_CorrespondingSourceObject: {fileID: 0}
  m_PrefabInstance: {fileID: 0}
  m_PrefabAsset: {fileID: 0}
  m_GameObject: {fileID: 2124111328491123658}
  m_Enabled: 1
  m_EditorHideFlags: 0
  m_Script: {fileID: 11500000, guid: 44a0512badd6d7e408e032009ef853ac, type: 3}
  m_Name: 
  m_EditorClassIdentifier: 
  addToServiceOnStart: 1
  _id: Bar_chair7
  _interactableObjects:
  - {fileID: 5086295525689213928}
  - {fileID: 7721370115662975986}
  _service: {fileID: 11400000, guid: bc8992c43d156444f938e8859ad6ab67, type: 2}
  isBooked: 0
  isActivated: 0
  _stats:
    Level: 0
    ResourcesCapacity: 0
    UpgradeTime: 0
    UpgradePriceCoins: 0
    StatPleasure: 0
    UpgradePriceRedGems: 0
    UpgradePriceGreenGems: 0
    UpgradePriceBlueGems: 0
  _cameraTarget: {fileID: 0}
  _storage: {fileID: 0}
  workingZones:
  - {fileID: 7952761068454386153}
  - {fileID: 6620918069200892155}
  onActivated:
    m_PersistentCalls:
      m_Calls: []
  onUpgraded:
    m_PersistentCalls:
      m_Calls: []
  _materialChanger: {fileID: 0}
  _resourceLevel: 0
  showAtServiceMenu: 1
--- !u!114 &8146668654708832644
MonoBehaviour:
  m_ObjectHideFlags: 0
  m_CorrespondingSourceObject: {fileID: 0}
  m_PrefabInstance: {fileID: 0}
  m_PrefabAsset: {fileID: 0}
  m_GameObject: {fileID: 2124111328491123658}
  m_Enabled: 1
  m_EditorHideFlags: 0
  m_Script: {fileID: 11500000, guid: f8ae9a2493d8d47419a48b5abeeaa075, type: 3}
  m_Name: 
  m_EditorClassIdentifier: 
  needToHideObjects: 0
  graphicsContainer: []
  OnBuildingSelect:
    m_PersistentCalls:
      m_Calls: []
  OnBuildingDeselect:
    m_PersistentCalls:
      m_Calls: []
  currentLevelProp: {fileID: 0}
  _propsBehaviour: {fileID: 0}
--- !u!1 &3551678079615797427
GameObject:
  m_ObjectHideFlags: 0
  m_CorrespondingSourceObject: {fileID: 0}
  m_PrefabInstance: {fileID: 0}
  m_PrefabAsset: {fileID: 0}
  serializedVersion: 6
  m_Component:
  - component: {fileID: 2446504358717651257}
  - component: {fileID: 7721370115662975986}
  m_Layer: 0
  m_Name: Bartender_7_IO
  m_TagString: Untagged
  m_Icon: {fileID: 0}
  m_NavMeshLayer: 0
  m_StaticEditorFlags: 0
  m_IsActive: 1
--- !u!4 &2446504358717651257
Transform:
  m_ObjectHideFlags: 0
  m_CorrespondingSourceObject: {fileID: 0}
  m_PrefabInstance: {fileID: 0}
  m_PrefabAsset: {fileID: 0}
  m_GameObject: {fileID: 3551678079615797427}
  m_LocalRotation: {x: -0, y: -0, z: -0, w: 1}
  m_LocalPosition: {x: 0, y: 0, z: 0}
  m_LocalScale: {x: 1, y: 1, z: 1}
  m_ConstrainProportionsScale: 0
  m_Children: []
  m_Father: {fileID: 2805916399193017132}
  m_RootOrder: 0
  m_LocalEulerAnglesHint: {x: 0, y: 0, z: 0}
--- !u!114 &7721370115662975986
MonoBehaviour:
  m_ObjectHideFlags: 0
  m_CorrespondingSourceObject: {fileID: 0}
  m_PrefabInstance: {fileID: 0}
  m_PrefabAsset: {fileID: 0}
  m_GameObject: {fileID: 3551678079615797427}
  m_Enabled: 1
  m_EditorHideFlags: 0
  m_Script: {fileID: 11500000, guid: d5a7a12054006f840a70cafeb9250395, type: 3}
  m_Name: 
  m_EditorClassIdentifier: 
  NPCId: Bartender_7
  GizmoSizeMultiplier: 1
  TeleportToRootOnInteract: 1
  UseRootRotationOnInteract: 0
  PlayTeleportFx: 0
  ExitPosition: {fileID: 0}
  OnInteractionStart:
    m_PersistentCalls:
      m_Calls: []
  OnInteractionEnd:
    m_PersistentCalls:
      m_Calls: []
  InteractionStartAnimationTrigger: 
  InteractionMovingAnimationTrigger: 
  InteractAnimationBoolParam: 
  isOccupied: 0
  interactionTime: 10
  UsePreview: 0
  PreviewObject: {fileID: 0}
  PreviewAnimation: {fileID: 0}
  animationPosition: 0
--- !u!1 &3853891756846725750
GameObject:
  m_ObjectHideFlags: 0
  m_CorrespondingSourceObject: {fileID: 0}
  m_PrefabInstance: {fileID: 0}
  m_PrefabAsset: {fileID: 0}
  serializedVersion: 6
  m_Component:
  - component: {fileID: 2805916399193017132}
  - component: {fileID: 2915623028025861312}
  - component: {fileID: 7371400841720222540}
  - component: {fileID: 121179677054462103}
  m_Layer: 0
  m_Name: Bar_chair7_bartender_spending_zone
  m_TagString: Untagged
  m_Icon: {fileID: 0}
  m_NavMeshLayer: 0
  m_StaticEditorFlags: 0
  m_IsActive: 1
--- !u!4 &2805916399193017132
Transform:
  m_ObjectHideFlags: 0
  m_CorrespondingSourceObject: {fileID: 0}
  m_PrefabInstance: {fileID: 0}
  m_PrefabAsset: {fileID: 0}
  m_GameObject: {fileID: 3853891756846725750}
  m_LocalRotation: {x: 0, y: 0, z: 0, w: 1}
  m_LocalPosition: {x: 0, y: 0, z: 0}
  m_LocalScale: {x: 1, y: 1, z: 1}
  m_ConstrainProportionsScale: 0
  m_Children:
  - {fileID: 2446504358717651257}
  m_Father: {fileID: 8623580256070182490}
  m_RootOrder: 1
  m_LocalEulerAnglesHint: {x: 0, y: 0, z: 0}
--- !u!114 &2915623028025861312
MonoBehaviour:
  m_ObjectHideFlags: 0
  m_CorrespondingSourceObject: {fileID: 0}
  m_PrefabInstance: {fileID: 0}
  m_PrefabAsset: {fileID: 0}
  m_GameObject: {fileID: 3853891756846725750}
  m_Enabled: 1
  m_EditorHideFlags: 0
  m_Script: {fileID: 11500000, guid: e71f234bd5cf44fc851ef10fe90de8a9, type: 3}
  m_Name: 
  m_EditorClassIdentifier: 
  _capacity: 0
  _currentAmount: 0
  isEndlessResources: 0
  OnAmountChanged: []
  _progressBar: {fileID: 0}
  _digitsAfterPointInNumbers: 0
  _alwaysShow: 1
  _progressBarShowTime: 0
  percentToShowCollectButton: 0
  onCollectingAvailable:
    m_PersistentCalls:
      m_Calls: []
  onResourceCollected:
    m_PersistentCalls:
      m_Calls: []
  collectSpawnPoint: {fileID: 0}
--- !u!114 &7371400841720222540
MonoBehaviour:
  m_ObjectHideFlags: 0
  m_CorrespondingSourceObject: {fileID: 0}
  m_PrefabInstance: {fileID: 0}
  m_PrefabAsset: {fileID: 0}
  m_GameObject: {fileID: 3853891756846725750}
  m_Enabled: 1
  m_EditorHideFlags: 0
  m_Script: {fileID: 11500000, guid: cbce59df0d224021b7dcd20ffee48da8, type: 3}
  m_Name: 
  m_EditorClassIdentifier: 
  addToServiceOnStart: 1
  _id: Bar_chair7_bartender_spending_zone
  _interactableObjects:
  - {fileID: 7721370115662975986}
  _service: {fileID: 11400000, guid: bc8992c43d156444f938e8859ad6ab67, type: 2}
  isBooked: 0
  isActivated: 0
  _spendingMultiplier: 1
  _popUpWorldIconsScheme: {fileID: 11400000, guid: cfb14300fb37e4d4c966af9ac1620080, type: 2}
--- !u!114 &121179677054462103
MonoBehaviour:
  m_ObjectHideFlags: 0
  m_CorrespondingSourceObject: {fileID: 0}
  m_PrefabInstance: {fileID: 0}
  m_PrefabAsset: {fileID: 0}
  m_GameObject: {fileID: 3853891756846725750}
  m_Enabled: 1
  m_EditorHideFlags: 0
  m_Script: {fileID: 11500000, guid: da02665d9f1f464bb14e1c6720b10d49, type: 3}
  m_Name: 
  m_EditorClassIdentifier: 
  _transferFrom: {fileID: 7371400841720222540}
  _transferTo: {fileID: 6620918069200892155}
  _frequency: 0.001
  _multiplier: 1
  onTransferComplete:
    m_PersistentCalls:
      m_Calls: []
  gettingZones: []
--- !u!1 &4097610370104570110
GameObject:
  m_ObjectHideFlags: 0
  m_CorrespondingSourceObject: {fileID: 0}
  m_PrefabInstance: {fileID: 0}
  m_PrefabAsset: {fileID: 0}
  serializedVersion: 6
  m_Component:
  - component: {fileID: 8623580256070182490}
  - component: {fileID: 5385607717975740870}
  - component: {fileID: 7952761068454386153}
  - component: {fileID: 7788912321610846919}
  - component: {fileID: 7395721228061914513}
  m_Layer: 0
  m_Name: Bar_chair7_bartender_getting_zone
  m_TagString: Untagged
  m_Icon: {fileID: 0}
  m_NavMeshLayer: 0
  m_StaticEditorFlags: 0
  m_IsActive: 1
--- !u!4 &8623580256070182490
Transform:
  m_ObjectHideFlags: 0
  m_CorrespondingSourceObject: {fileID: 0}
  m_PrefabInstance: {fileID: 0}
  m_PrefabAsset: {fileID: 0}
  m_GameObject: {fileID: 4097610370104570110}
  m_LocalRotation: {x: 0, y: 0, z: 0, w: 1}
  m_LocalPosition: {x: 0, y: 0, z: 0}
  m_LocalScale: {x: 1, y: 1, z: 1}
  m_ConstrainProportionsScale: 0
  m_Children:
  - {fileID: 2198008924171210053}
  - {fileID: 2805916399193017132}
  - {fileID: 8321929869078664577}
  - {fileID: 6737066475725498125}
  m_Father: {fileID: 3260175498506013334}
  m_RootOrder: 1
  m_LocalEulerAnglesHint: {x: 0, y: 0, z: 0}
--- !u!114 &5385607717975740870
MonoBehaviour:
  m_ObjectHideFlags: 0
  m_CorrespondingSourceObject: {fileID: 0}
  m_PrefabInstance: {fileID: 0}
  m_PrefabAsset: {fileID: 0}
  m_GameObject: {fileID: 4097610370104570110}
  m_Enabled: 1
  m_EditorHideFlags: 0
  m_Script: {fileID: 11500000, guid: e71f234bd5cf44fc851ef10fe90de8a9, type: 3}
  m_Name: 
  m_EditorClassIdentifier: 
  _capacity: 0
  _currentAmount: 0
  isEndlessResources: 0
  OnAmountChanged: []
  _progressBar: {fileID: 0}
  _digitsAfterPointInNumbers: 0
  _alwaysShow: 1
  _progressBarShowTime: 0
  percentToShowCollectButton: 0
  onCollectingAvailable:
    m_PersistentCalls:
      m_Calls: []
  onResourceCollected:
    m_PersistentCalls:
      m_Calls: []
  collectSpawnPoint: {fileID: 0}
--- !u!114 &7952761068454386153
MonoBehaviour:
  m_ObjectHideFlags: 0
  m_CorrespondingSourceObject: {fileID: 0}
  m_PrefabInstance: {fileID: 0}
  m_PrefabAsset: {fileID: 0}
  m_GameObject: {fileID: 4097610370104570110}
  m_Enabled: 1
  m_EditorHideFlags: 0
  m_Script: {fileID: 11500000, guid: 85778848c055488b906b87cb0a688f5b, type: 3}
  m_Name: 
  m_EditorClassIdentifier: 
  addToServiceOnStart: 0
  _id: Bar_chair7_bartender_getting_zone
  _interactableObjects:
  - {fileID: 253549415308304142}
  _service: {fileID: 11400000, guid: bc8992c43d156444f938e8859ad6ab67, type: 2}
  isBooked: 0
  isActivated: 0
  animator: {fileID: 0}
  isMaxAmountOnStart: 0
  _resourceLevel: 0
  _popUpWorldIconsScheme: {fileID: 11400000, guid: cfb14300fb37e4d4c966af9ac1620080, type: 2}
  _save:
    ID: 
    Level: 0
    CurrentAmount: 0
  doWorkEventDelay: 1
  doWorkEvent:
    m_PersistentCalls:
      m_Calls: []
--- !u!114 &7788912321610846919
MonoBehaviour:
  m_ObjectHideFlags: 0
  m_CorrespondingSourceObject: {fileID: 0}
  m_PrefabInstance: {fileID: 0}
  m_PrefabAsset: {fileID: 0}
  m_GameObject: {fileID: 4097610370104570110}
  m_Enabled: 1
  m_EditorHideFlags: 0
  m_Script: {fileID: 11500000, guid: 0195ba30b51b0dd4e9245236a7f9e8b0, type: 3}
  m_Name: 
  m_EditorClassIdentifier: 
  _transferFrom: {fileID: 0}
  _transferTo: {fileID: 0}
  fillFullStorage: 1
--- !u!114 &7395721228061914513
MonoBehaviour:
  m_ObjectHideFlags: 0
  m_CorrespondingSourceObject: {fileID: 0}
  m_PrefabInstance: {fileID: 0}
  m_PrefabAsset: {fileID: 0}
  m_GameObject: {fileID: 4097610370104570110}
  m_Enabled: 1
  m_EditorHideFlags: 0
  m_Script: {fileID: 11500000, guid: 5e40b8932b2670241a24b34350a40c20, type: 3}
  m_Name: 
  m_EditorClassIdentifier: 
  addToServiceOnStart: 1
  _id: Bar_chair7_client_spending_zone
  _interactableObjects:
  - {fileID: 2996003038522925594}
  _service: {fileID: 11400000, guid: 539493926fbbe234b92ffc305b07394b, type: 2}
  isBooked: 0
  isActivated: 0
  _spendingMultiplier: 1
  _popUpWorldIconsScheme: {fileID: 11400000, guid: 8cde5ed4df2581e49995d75e38f8eb85, type: 2}
  requirements: {fileID: 11400000, guid: 44438207fc19d914f853c90b5a9cbcc5, type: 2}
  requirementType: Drink
  zoneLevel: 0
--- !u!1 &6336865828717636755
GameObject:
  m_ObjectHideFlags: 0
  m_CorrespondingSourceObject: {fileID: 0}
  m_PrefabInstance: {fileID: 0}
  m_PrefabAsset: {fileID: 0}
  serializedVersion: 6
  m_Component:
  - component: {fileID: 8321929869078664577}
  - component: {fileID: 253549415308304142}
  m_Layer: 0
  m_Name: Bartender_7_IO
  m_TagString: Untagged
  m_Icon: {fileID: 0}
  m_NavMeshLayer: 0
  m_StaticEditorFlags: 0
  m_IsActive: 1
--- !u!4 &8321929869078664577
Transform:
  m_ObjectHideFlags: 0
  m_CorrespondingSourceObject: {fileID: 0}
  m_PrefabInstance: {fileID: 0}
  m_PrefabAsset: {fileID: 0}
  m_GameObject: {fileID: 6336865828717636755}
  m_LocalRotation: {x: -0, y: -0, z: -0, w: 1}
  m_LocalPosition: {x: 0, y: 0, z: 0}
  m_LocalScale: {x: 1, y: 1, z: 1}
  m_ConstrainProportionsScale: 0
  m_Children: []
  m_Father: {fileID: 8623580256070182490}
  m_RootOrder: 2
  m_LocalEulerAnglesHint: {x: 0, y: 0, z: 0}
--- !u!114 &253549415308304142
MonoBehaviour:
  m_ObjectHideFlags: 0
  m_CorrespondingSourceObject: {fileID: 0}
  m_PrefabInstance: {fileID: 0}
  m_PrefabAsset: {fileID: 0}
  m_GameObject: {fileID: 6336865828717636755}
  m_Enabled: 1
  m_EditorHideFlags: 0
  m_Script: {fileID: 11500000, guid: d5a7a12054006f840a70cafeb9250395, type: 3}
  m_Name: 
  m_EditorClassIdentifier: 
  NPCId: Bartender_7
  GizmoSizeMultiplier: 1
  TeleportToRootOnInteract: 1
  UseRootRotationOnInteract: 0
  PlayTeleportFx: 0
  ExitPosition: {fileID: 0}
  OnInteractionStart:
    m_PersistentCalls:
      m_Calls: []
  OnInteractionEnd:
    m_PersistentCalls:
      m_Calls: []
  InteractionStartAnimationTrigger: 
  InteractionMovingAnimationTrigger: 
  InteractAnimationBoolParam: 
  isOccupied: 0
  interactionTime: 10
  UsePreview: 0
  PreviewObject: {fileID: 0}
  PreviewAnimation: {fileID: 0}
  animationPosition: 0
--- !u!1 &6418320501843357440
GameObject:
  m_ObjectHideFlags: 0
  m_CorrespondingSourceObject: {fileID: 0}
  m_PrefabInstance: {fileID: 0}
  m_PrefabAsset: {fileID: 0}
  serializedVersion: 6
  m_Component:
  - component: {fileID: 6061229619106618025}
  - component: {fileID: 5086295525689213928}
  m_Layer: 0
  m_Name: Client_7_IO
  m_TagString: Untagged
  m_Icon: {fileID: 0}
  m_NavMeshLayer: 0
  m_StaticEditorFlags: 0
  m_IsActive: 1
--- !u!4 &6061229619106618025
Transform:
  m_ObjectHideFlags: 0
  m_CorrespondingSourceObject: {fileID: 0}
  m_PrefabInstance: {fileID: 0}
  m_PrefabAsset: {fileID: 0}
  m_GameObject: {fileID: 6418320501843357440}
  m_LocalRotation: {x: -0, y: -0, z: -0, w: 1}
  m_LocalPosition: {x: 0, y: 0, z: 0}
  m_LocalScale: {x: 1, y: 1, z: 1}
  m_ConstrainProportionsScale: 0
  m_Children: []
  m_Father: {fileID: 2198008924171210053}
  m_RootOrder: 0
  m_LocalEulerAnglesHint: {x: 0, y: 0, z: 0}
--- !u!114 &5086295525689213928
MonoBehaviour:
  m_ObjectHideFlags: 0
  m_CorrespondingSourceObject: {fileID: 0}
  m_PrefabInstance: {fileID: 0}
  m_PrefabAsset: {fileID: 0}
  m_GameObject: {fileID: 6418320501843357440}
  m_Enabled: 1
  m_EditorHideFlags: 0
  m_Script: {fileID: 11500000, guid: d5a7a12054006f840a70cafeb9250395, type: 3}
  m_Name: 
  m_EditorClassIdentifier: 
  NPCId: Client_7
  GizmoSizeMultiplier: 1
  TeleportToRootOnInteract: 1
  UseRootRotationOnInteract: 0
  PlayTeleportFx: 0
  ExitPosition: {fileID: 0}
  OnInteractionStart:
    m_PersistentCalls:
      m_Calls: []
  OnInteractionEnd:
    m_PersistentCalls:
      m_Calls: []
  InteractionStartAnimationTrigger: 
  InteractionMovingAnimationTrigger: 
  InteractAnimationBoolParam: 
  isOccupied: 0
  interactionTime: 10
  UsePreview: 0
  PreviewObject: {fileID: 0}
  PreviewAnimation: {fileID: 0}
  animationPosition: 0
--- !u!1 &8735369796607469221
GameObject:
  m_ObjectHideFlags: 0
  m_CorrespondingSourceObject: {fileID: 0}
  m_PrefabInstance: {fileID: 0}
  m_PrefabAsset: {fileID: 0}
  serializedVersion: 6
  m_Component:
  - component: {fileID: 2198008924171210053}
  - component: {fileID: 4136597653755576288}
  - component: {fileID: 6620918069200892155}
  m_Layer: 0
  m_Name: Bar_chair7_client_getting_zone
  m_TagString: Untagged
  m_Icon: {fileID: 0}
  m_NavMeshLayer: 0
  m_StaticEditorFlags: 0
  m_IsActive: 1
--- !u!4 &2198008924171210053
Transform:
  m_ObjectHideFlags: 0
  m_CorrespondingSourceObject: {fileID: 0}
  m_PrefabInstance: {fileID: 0}
  m_PrefabAsset: {fileID: 0}
  m_GameObject: {fileID: 8735369796607469221}
  m_LocalRotation: {x: 0, y: 0, z: 0, w: 1}
  m_LocalPosition: {x: 0, y: 0, z: 0}
  m_LocalScale: {x: 1, y: 1, z: 1}
  m_ConstrainProportionsScale: 0
  m_Children:
  - {fileID: 6061229619106618025}
  m_Father: {fileID: 8623580256070182490}
  m_RootOrder: 0
  m_LocalEulerAnglesHint: {x: 0, y: 0, z: 0}
--- !u!114 &4136597653755576288
MonoBehaviour:
  m_ObjectHideFlags: 0
  m_CorrespondingSourceObject: {fileID: 0}
  m_PrefabInstance: {fileID: 0}
  m_PrefabAsset: {fileID: 0}
  m_GameObject: {fileID: 8735369796607469221}
  m_Enabled: 1
  m_EditorHideFlags: 0
  m_Script: {fileID: 11500000, guid: e71f234bd5cf44fc851ef10fe90de8a9, type: 3}
  m_Name: 
  m_EditorClassIdentifier: 
  _capacity: 0
  _currentAmount: 0
  isEndlessResources: 0
  OnAmountChanged: []
  _progressBar: {fileID: 0}
  _digitsAfterPointInNumbers: 0
  _alwaysShow: 1
  _progressBarShowTime: 0
  percentToShowCollectButton: 0
  onCollectingAvailable:
    m_PersistentCalls:
      m_Calls: []
  onResourceCollected:
    m_PersistentCalls:
      m_Calls: []
  collectSpawnPoint: {fileID: 0}
--- !u!114 &6620918069200892155
MonoBehaviour:
  m_ObjectHideFlags: 0
  m_CorrespondingSourceObject: {fileID: 0}
  m_PrefabInstance: {fileID: 0}
  m_PrefabAsset: {fileID: 0}
  m_GameObject: {fileID: 8735369796607469221}
  m_Enabled: 1
  m_EditorHideFlags: 0
  m_Script: {fileID: 11500000, guid: 85778848c055488b906b87cb0a688f5b, type: 3}
  m_Name: 
  m_EditorClassIdentifier: 
  addToServiceOnStart: 0
  _id: Bar_chair7_client_getting_zone
  _interactableObjects:
  - {fileID: 5086295525689213928}
  _service: {fileID: 11400000, guid: 539493926fbbe234b92ffc305b07394b, type: 2}
  isBooked: 0
  isActivated: 0
  animator: {fileID: 0}
  isMaxAmountOnStart: 0
  _resourceLevel: 0
  _popUpWorldIconsScheme: {fileID: 11400000, guid: 8cde5ed4df2581e49995d75e38f8eb85, type: 2}
  _save:
    ID: 
    Level: 0
    CurrentAmount: 0
  doWorkEventDelay: 1
  doWorkEvent:
    m_PersistentCalls:
      m_Calls: []
--- !u!1001 &4448395113601876941
PrefabInstance:
  m_ObjectHideFlags: 0
  serializedVersion: 2
  m_Modification:
    m_TransformParent: {fileID: 3260175498506013334}
    m_Modifications:
    - target: {fileID: 100000, guid: 26860a6f791e14f468d4db7dd404e462, type: 3}
      propertyPath: m_Name
      value: Chair
      objectReference: {fileID: 0}
    - target: {fileID: 100000, guid: 26860a6f791e14f468d4db7dd404e462, type: 3}
      propertyPath: m_IsActive
      value: 1
      objectReference: {fileID: 0}
    - target: {fileID: 400000, guid: 26860a6f791e14f468d4db7dd404e462, type: 3}
      propertyPath: m_RootOrder
      value: 0
      objectReference: {fileID: 0}
    - target: {fileID: 400000, guid: 26860a6f791e14f468d4db7dd404e462, type: 3}
      propertyPath: m_LocalScale.x
      value: 0.58457
      objectReference: {fileID: 0}
    - target: {fileID: 400000, guid: 26860a6f791e14f468d4db7dd404e462, type: 3}
      propertyPath: m_LocalScale.y
      value: 0.58457
      objectReference: {fileID: 0}
    - target: {fileID: 400000, guid: 26860a6f791e14f468d4db7dd404e462, type: 3}
      propertyPath: m_LocalScale.z
      value: 0.58457
      objectReference: {fileID: 0}
    - target: {fileID: 400000, guid: 26860a6f791e14f468d4db7dd404e462, type: 3}
      propertyPath: m_LocalPosition.x
      value: 0
      objectReference: {fileID: 0}
    - target: {fileID: 400000, guid: 26860a6f791e14f468d4db7dd404e462, type: 3}
      propertyPath: m_LocalPosition.y
      value: 0
      objectReference: {fileID: 0}
    - target: {fileID: 400000, guid: 26860a6f791e14f468d4db7dd404e462, type: 3}
      propertyPath: m_LocalPosition.z
      value: 0
      objectReference: {fileID: 0}
    - target: {fileID: 400000, guid: 26860a6f791e14f468d4db7dd404e462, type: 3}
      propertyPath: m_LocalRotation.w
      value: 0.7071068
      objectReference: {fileID: 0}
    - target: {fileID: 400000, guid: 26860a6f791e14f468d4db7dd404e462, type: 3}
      propertyPath: m_LocalRotation.x
      value: -0.7071068
      objectReference: {fileID: 0}
    - target: {fileID: 400000, guid: 26860a6f791e14f468d4db7dd404e462, type: 3}
      propertyPath: m_LocalRotation.y
      value: 0
      objectReference: {fileID: 0}
    - target: {fileID: 400000, guid: 26860a6f791e14f468d4db7dd404e462, type: 3}
      propertyPath: m_LocalRotation.z
      value: 0
      objectReference: {fileID: 0}
    - target: {fileID: 400000, guid: 26860a6f791e14f468d4db7dd404e462, type: 3}
      propertyPath: m_LocalEulerAnglesHint.x
      value: -90
      objectReference: {fileID: 0}
    - target: {fileID: 400000, guid: 26860a6f791e14f468d4db7dd404e462, type: 3}
      propertyPath: m_LocalEulerAnglesHint.y
      value: 0
      objectReference: {fileID: 0}
    - target: {fileID: 400000, guid: 26860a6f791e14f468d4db7dd404e462, type: 3}
      propertyPath: m_LocalEulerAnglesHint.z
      value: 0
      objectReference: {fileID: 0}
    m_RemovedComponents: []
  m_SourcePrefab: {fileID: 100100000, guid: 26860a6f791e14f468d4db7dd404e462, type: 3}
--- !u!4 &4448395113602013517 stripped
Transform:
  m_CorrespondingSourceObject: {fileID: 400000, guid: 26860a6f791e14f468d4db7dd404e462, type: 3}
  m_PrefabInstance: {fileID: 4448395113601876941}
  m_PrefabAsset: {fileID: 0}
