%YAML 1.1
%TAG !u! tag:unity3d.com,2011:
--- !u!1 &1816478519784883713
GameObject:
  m_ObjectHideFlags: 0
  m_CorrespondingSourceObject: {fileID: 0}
  m_PrefabInstance: {fileID: 0}
  m_PrefabAsset: {fileID: 0}
  serializedVersion: 6
  m_Component:
  - component: {fileID: 3827199177276581063}
  m_Layer: 0
  m_Name: Room1_Walls_lvl2
  m_TagString: Untagged
  m_Icon: {fileID: 0}
  m_NavMeshLayer: 0
  m_StaticEditorFlags: 0
  m_IsActive: 1
--- !u!4 &3827199177276581063
Transform:
  m_ObjectHideFlags: 0
  m_CorrespondingSourceObject: {fileID: 0}
  m_PrefabInstance: {fileID: 0}
  m_PrefabAsset: {fileID: 0}
  m_GameObject: {fileID: 1816478519784883713}
  m_LocalRotation: {x: -0, y: -0, z: -0, w: 1}
  m_LocalPosition: {x: -3.2599998, y: -0.21272779, z: -1.71}
  m_LocalScale: {x: 1, y: 1, z: 1}
  m_ConstrainProportionsScale: 0
  m_Children:
  - {fileID: 2528133733998082478}
  - {fileID: 629532947325885970}
  - {fileID: 4043388367470832427}
  - {fileID: 2912562641860079575}
  - {fileID: 2755273586899157033}
  - {fileID: 4210545635603284467}
  - {fileID: 6595862194256167972}
  - {fileID: 613604031693541867}
  - {fileID: 2703882884517863695}
  - {fileID: 9220256732012390197}
  - {fileID: 1271557940405714331}
  - {fileID: 7682492234619192466}
  - {fileID: 3436150281424829330}
  - {fileID: 5795400858533914471}
  - {fileID: 2331807525865602576}
  - {fileID: 2927286766171608653}
  - {fileID: 9010472001070156408}
  - {fileID: 739286407098038798}
  - {fileID: 6896178072129989522}
  - {fileID: 6372373375968130022}
  - {fileID: 5513655232264398076}
  - {fileID: 3764648325887430251}
  - {fileID: 5605131970612438771}
  - {fileID: 7455724232085987648}
  - {fileID: 2855625882052808792}
  - {fileID: 3259161373648599309}
  - {fileID: 728116375767432921}
  - {fileID: 6161265238168010288}
  - {fileID: 1088188333606303284}
  - {fileID: 7977005502162051704}
  - {fileID: 730206539408067216}
  m_Father: {fileID: 0}
  m_RootOrder: 0
  m_LocalEulerAnglesHint: {x: 0, y: 0, z: 0}
--- !u!1001 &40545765830389347
PrefabInstance:
  m_ObjectHideFlags: 0
  serializedVersion: 2
  m_Modification:
    m_TransformParent: {fileID: 3827199177276581063}
    m_Modifications:
    - target: {fileID: 4464880455357365502, guid: 88acc80279aa18c4685aec044b412218, type: 3}
      propertyPath: m_Name
      value: Room_Lvl_1_Wall (33)
      objectReference: {fileID: 0}
    - target: {fileID: 7487236060334165795, guid: 88acc80279aa18c4685aec044b412218, type: 3}
      propertyPath: m_RootOrder
      value: 23
      objectReference: {fileID: 0}
    - target: {fileID: 7487236060334165795, guid: 88acc80279aa18c4685aec044b412218, type: 3}
      propertyPath: m_LocalScale.z
      value: 0.5999999
      objectReference: {fileID: 0}
    - target: {fileID: 7487236060334165795, guid: 88acc80279aa18c4685aec044b412218, type: 3}
      propertyPath: m_LocalPosition.x
      value: 4.353436
      objectReference: {fileID: 0}
    - target: {fileID: 7487236060334165795, guid: 88acc80279aa18c4685aec044b412218, type: 3}
      propertyPath: m_LocalPosition.y
      value: 0.21273112
      objectReference: {fileID: 0}
    - target: {fileID: 7487236060334165795, guid: 88acc80279aa18c4685aec044b412218, type: 3}
      propertyPath: m_LocalPosition.z
      value: 5.8209057
      objectReference: {fileID: 0}
    - target: {fileID: 7487236060334165795, guid: 88acc80279aa18c4685aec044b412218, type: 3}
      propertyPath: m_LocalRotation.w
      value: -0.5
      objectReference: {fileID: 0}
    - target: {fileID: 7487236060334165795, guid: 88acc80279aa18c4685aec044b412218, type: 3}
      propertyPath: m_LocalRotation.x
      value: 0.49999985
      objectReference: {fileID: 0}
    - target: {fileID: 7487236060334165795, guid: 88acc80279aa18c4685aec044b412218, type: 3}
      propertyPath: m_LocalRotation.y
      value: 0.5000001
      objectReference: {fileID: 0}
    - target: {fileID: 7487236060334165795, guid: 88acc80279aa18c4685aec044b412218, type: 3}
      propertyPath: m_LocalRotation.z
      value: 0.5000001
      objectReference: {fileID: 0}
    - target: {fileID: 7487236060334165795, guid: 88acc80279aa18c4685aec044b412218, type: 3}
      propertyPath: m_LocalEulerAnglesHint.x
      value: 0
      objectReference: {fileID: 0}
    - target: {fileID: 7487236060334165795, guid: 88acc80279aa18c4685aec044b412218, type: 3}
      propertyPath: m_LocalEulerAnglesHint.y
      value: 0
      objectReference: {fileID: 0}
    - target: {fileID: 7487236060334165795, guid: 88acc80279aa18c4685aec044b412218, type: 3}
      propertyPath: m_LocalEulerAnglesHint.z
      value: 270
      objectReference: {fileID: 0}
    m_RemovedComponents: []
  m_SourcePrefab: {fileID: 100100000, guid: 88acc80279aa18c4685aec044b412218, type: 3}
--- !u!4 &7455724232085987648 stripped
Transform:
  m_CorrespondingSourceObject: {fileID: 7487236060334165795, guid: 88acc80279aa18c4685aec044b412218, type: 3}
  m_PrefabInstance: {fileID: 40545765830389347}
  m_PrefabAsset: {fileID: 0}
--- !u!1001 &674420342265097563
PrefabInstance:
  m_ObjectHideFlags: 0
  serializedVersion: 2
  m_Modification:
    m_TransformParent: {fileID: 3827199177276581063}
    m_Modifications:
    - target: {fileID: 4464880455357365502, guid: 88acc80279aa18c4685aec044b412218, type: 3}
      propertyPath: m_Name
      value: Room_Lvl_1_Wall (25)
      objectReference: {fileID: 0}
    - target: {fileID: 7487236060334165795, guid: 88acc80279aa18c4685aec044b412218, type: 3}
      propertyPath: m_RootOrder
      value: 29
      objectReference: {fileID: 0}
    - target: {fileID: 7487236060334165795, guid: 88acc80279aa18c4685aec044b412218, type: 3}
      propertyPath: m_LocalScale.z
      value: 0.5999997
      objectReference: {fileID: 0}
    - target: {fileID: 7487236060334165795, guid: 88acc80279aa18c4685aec044b412218, type: 3}
      propertyPath: m_LocalPosition.x
      value: 8.105748
      objectReference: {fileID: 0}
    - target: {fileID: 7487236060334165795, guid: 88acc80279aa18c4685aec044b412218, type: 3}
      propertyPath: m_LocalPosition.y
      value: 0.21272767
      objectReference: {fileID: 0}
    - target: {fileID: 7487236060334165795, guid: 88acc80279aa18c4685aec044b412218, type: 3}
      propertyPath: m_LocalPosition.z
      value: 4.0769854
      objectReference: {fileID: 0}
    - target: {fileID: 7487236060334165795, guid: 88acc80279aa18c4685aec044b412218, type: 3}
      propertyPath: m_LocalRotation.w
      value: 0.7071068
      objectReference: {fileID: 0}
    - target: {fileID: 7487236060334165795, guid: 88acc80279aa18c4685aec044b412218, type: 3}
      propertyPath: m_LocalRotation.x
      value: -0.7071067
      objectReference: {fileID: 0}
    - target: {fileID: 7487236060334165795, guid: 88acc80279aa18c4685aec044b412218, type: 3}
      propertyPath: m_LocalRotation.y
      value: -0.00000018545173
      objectReference: {fileID: 0}
    - target: {fileID: 7487236060334165795, guid: 88acc80279aa18c4685aec044b412218, type: 3}
      propertyPath: m_LocalRotation.z
      value: -0.00000006181725
      objectReference: {fileID: 0}
    - target: {fileID: 7487236060334165795, guid: 88acc80279aa18c4685aec044b412218, type: 3}
      propertyPath: m_LocalEulerAnglesHint.x
      value: 0
      objectReference: {fileID: 0}
    - target: {fileID: 7487236060334165795, guid: 88acc80279aa18c4685aec044b412218, type: 3}
      propertyPath: m_LocalEulerAnglesHint.y
      value: 0
      objectReference: {fileID: 0}
    - target: {fileID: 7487236060334165795, guid: 88acc80279aa18c4685aec044b412218, type: 3}
      propertyPath: m_LocalEulerAnglesHint.z
      value: 0
      objectReference: {fileID: 0}
    m_RemovedComponents: []
  m_SourcePrefab: {fileID: 100100000, guid: 88acc80279aa18c4685aec044b412218, type: 3}
--- !u!4 &7977005502162051704 stripped
Transform:
  m_CorrespondingSourceObject: {fileID: 7487236060334165795, guid: 88acc80279aa18c4685aec044b412218, type: 3}
  m_PrefabInstance: {fileID: 674420342265097563}
  m_PrefabAsset: {fileID: 0}
--- !u!1001 &969875344739404721
PrefabInstance:
  m_ObjectHideFlags: 0
  serializedVersion: 2
  m_Modification:
    m_TransformParent: {fileID: 3827199177276581063}
    m_Modifications:
    - target: {fileID: 4464880455357365502, guid: 88acc80279aa18c4685aec044b412218, type: 3}
      propertyPath: m_Name
      value: Room_Lvl_1_Wall (21)
      objectReference: {fileID: 0}
    - target: {fileID: 7487236060334165795, guid: 88acc80279aa18c4685aec044b412218, type: 3}
      propertyPath: m_RootOrder
      value: 11
      objectReference: {fileID: 0}
    - target: {fileID: 7487236060334165795, guid: 88acc80279aa18c4685aec044b412218, type: 3}
      propertyPath: m_LocalScale.z
      value: 0.5999999
      objectReference: {fileID: 0}
    - target: {fileID: 7487236060334165795, guid: 88acc80279aa18c4685aec044b412218, type: 3}
      propertyPath: m_LocalPosition.x
      value: 3.3529096
      objectReference: {fileID: 0}
    - target: {fileID: 7487236060334165795, guid: 88acc80279aa18c4685aec044b412218, type: 3}
      propertyPath: m_LocalPosition.y
      value: 0.21272969
      objectReference: {fileID: 0}
    - target: {fileID: 7487236060334165795, guid: 88acc80279aa18c4685aec044b412218, type: 3}
      propertyPath: m_LocalPosition.z
      value: -3.6791143
      objectReference: {fileID: 0}
    - target: {fileID: 7487236060334165795, guid: 88acc80279aa18c4685aec044b412218, type: 3}
      propertyPath: m_LocalRotation.w
      value: 0.5000001
      objectReference: {fileID: 0}
    - target: {fileID: 7487236060334165795, guid: 88acc80279aa18c4685aec044b412218, type: 3}
      propertyPath: m_LocalRotation.x
      value: -0.5000001
      objectReference: {fileID: 0}
    - target: {fileID: 7487236060334165795, guid: 88acc80279aa18c4685aec044b412218, type: 3}
      propertyPath: m_LocalRotation.y
      value: 0.49999985
      objectReference: {fileID: 0}
    - target: {fileID: 7487236060334165795, guid: 88acc80279aa18c4685aec044b412218, type: 3}
      propertyPath: m_LocalRotation.z
      value: 0.5
      objectReference: {fileID: 0}
    - target: {fileID: 7487236060334165795, guid: 88acc80279aa18c4685aec044b412218, type: 3}
      propertyPath: m_LocalEulerAnglesHint.x
      value: 0
      objectReference: {fileID: 0}
    - target: {fileID: 7487236060334165795, guid: 88acc80279aa18c4685aec044b412218, type: 3}
      propertyPath: m_LocalEulerAnglesHint.y
      value: 0
      objectReference: {fileID: 0}
    - target: {fileID: 7487236060334165795, guid: 88acc80279aa18c4685aec044b412218, type: 3}
      propertyPath: m_LocalEulerAnglesHint.z
      value: 90
      objectReference: {fileID: 0}
    m_RemovedComponents: []
  m_SourcePrefab: {fileID: 100100000, guid: 88acc80279aa18c4685aec044b412218, type: 3}
--- !u!4 &7682492234619192466 stripped
Transform:
  m_CorrespondingSourceObject: {fileID: 7487236060334165795, guid: 88acc80279aa18c4685aec044b412218, type: 3}
  m_PrefabInstance: {fileID: 969875344739404721}
  m_PrefabAsset: {fileID: 0}
--- !u!1001 &1737526487918454806
PrefabInstance:
  m_ObjectHideFlags: 0
  serializedVersion: 2
  m_Modification:
    m_TransformParent: {fileID: 3827199177276581063}
    m_Modifications:
    - target: {fileID: 4464880455357365502, guid: 88acc80279aa18c4685aec044b412218, type: 3}
      propertyPath: m_Name
      value: Room_Lvl_1_Wall (3)
      objectReference: {fileID: 0}
    - target: {fileID: 7487236060334165795, guid: 88acc80279aa18c4685aec044b412218, type: 3}
      propertyPath: m_RootOrder
      value: 9
      objectReference: {fileID: 0}
    - target: {fileID: 7487236060334165795, guid: 88acc80279aa18c4685aec044b412218, type: 3}
      propertyPath: m_LocalScale.z
      value: 0.5999999
      objectReference: {fileID: 0}
    - target: {fileID: 7487236060334165795, guid: 88acc80279aa18c4685aec044b412218, type: 3}
      propertyPath: m_LocalPosition.x
      value: -2.6509392
      objectReference: {fileID: 0}
    - target: {fileID: 7487236060334165795, guid: 88acc80279aa18c4685aec044b412218, type: 3}
      propertyPath: m_LocalPosition.y
      value: 0.21272802
      objectReference: {fileID: 0}
    - target: {fileID: 7487236060334165795, guid: 88acc80279aa18c4685aec044b412218, type: 3}
      propertyPath: m_LocalPosition.z
      value: -3.6762161
      objectReference: {fileID: 0}
    - target: {fileID: 7487236060334165795, guid: 88acc80279aa18c4685aec044b412218, type: 3}
      propertyPath: m_LocalRotation.w
      value: 0.5000001
      objectReference: {fileID: 0}
    - target: {fileID: 7487236060334165795, guid: 88acc80279aa18c4685aec044b412218, type: 3}
      propertyPath: m_LocalRotation.x
      value: -0.5000001
      objectReference: {fileID: 0}
    - target: {fileID: 7487236060334165795, guid: 88acc80279aa18c4685aec044b412218, type: 3}
      propertyPath: m_LocalRotation.y
      value: 0.49999985
      objectReference: {fileID: 0}
    - target: {fileID: 7487236060334165795, guid: 88acc80279aa18c4685aec044b412218, type: 3}
      propertyPath: m_LocalRotation.z
      value: 0.5
      objectReference: {fileID: 0}
    - target: {fileID: 7487236060334165795, guid: 88acc80279aa18c4685aec044b412218, type: 3}
      propertyPath: m_LocalEulerAnglesHint.x
      value: 0
      objectReference: {fileID: 0}
    - target: {fileID: 7487236060334165795, guid: 88acc80279aa18c4685aec044b412218, type: 3}
      propertyPath: m_LocalEulerAnglesHint.y
      value: 0
      objectReference: {fileID: 0}
    - target: {fileID: 7487236060334165795, guid: 88acc80279aa18c4685aec044b412218, type: 3}
      propertyPath: m_LocalEulerAnglesHint.z
      value: 90
      objectReference: {fileID: 0}
    m_RemovedComponents: []
  m_SourcePrefab: {fileID: 100100000, guid: 88acc80279aa18c4685aec044b412218, type: 3}
--- !u!4 &9220256732012390197 stripped
Transform:
  m_CorrespondingSourceObject: {fileID: 7487236060334165795, guid: 88acc80279aa18c4685aec044b412218, type: 3}
  m_PrefabInstance: {fileID: 1737526487918454806}
  m_PrefabAsset: {fileID: 0}
--- !u!1001 &3129000908426406879
PrefabInstance:
  m_ObjectHideFlags: 0
  serializedVersion: 2
  m_Modification:
    m_TransformParent: {fileID: 3827199177276581063}
    m_Modifications:
    - target: {fileID: 4464880455357365502, guid: 88acc80279aa18c4685aec044b412218, type: 3}
      propertyPath: m_Name
      value: Room_Lvl_1_Wall (31)
      objectReference: {fileID: 0}
    - target: {fileID: 7487236060334165795, guid: 88acc80279aa18c4685aec044b412218, type: 3}
      propertyPath: m_RootOrder
      value: 20
      objectReference: {fileID: 0}
    - target: {fileID: 7487236060334165795, guid: 88acc80279aa18c4685aec044b412218, type: 3}
      propertyPath: m_LocalScale.z
      value: 0.5999999
      objectReference: {fileID: 0}
    - target: {fileID: 7487236060334165795, guid: 88acc80279aa18c4685aec044b412218, type: 3}
      propertyPath: m_LocalPosition.x
      value: 2.352384
      objectReference: {fileID: 0}
    - target: {fileID: 7487236060334165795, guid: 88acc80279aa18c4685aec044b412218, type: 3}
      propertyPath: m_LocalPosition.y
      value: 0.21273112
      objectReference: {fileID: 0}
    - target: {fileID: 7487236060334165795, guid: 88acc80279aa18c4685aec044b412218, type: 3}
      propertyPath: m_LocalPosition.z
      value: 5.820902
      objectReference: {fileID: 0}
    - target: {fileID: 7487236060334165795, guid: 88acc80279aa18c4685aec044b412218, type: 3}
      propertyPath: m_LocalRotation.w
      value: -0.5
      objectReference: {fileID: 0}
    - target: {fileID: 7487236060334165795, guid: 88acc80279aa18c4685aec044b412218, type: 3}
      propertyPath: m_LocalRotation.x
      value: 0.49999985
      objectReference: {fileID: 0}
    - target: {fileID: 7487236060334165795, guid: 88acc80279aa18c4685aec044b412218, type: 3}
      propertyPath: m_LocalRotation.y
      value: 0.5000001
      objectReference: {fileID: 0}
    - target: {fileID: 7487236060334165795, guid: 88acc80279aa18c4685aec044b412218, type: 3}
      propertyPath: m_LocalRotation.z
      value: 0.5000001
      objectReference: {fileID: 0}
    - target: {fileID: 7487236060334165795, guid: 88acc80279aa18c4685aec044b412218, type: 3}
      propertyPath: m_LocalEulerAnglesHint.x
      value: 0
      objectReference: {fileID: 0}
    - target: {fileID: 7487236060334165795, guid: 88acc80279aa18c4685aec044b412218, type: 3}
      propertyPath: m_LocalEulerAnglesHint.y
      value: 0
      objectReference: {fileID: 0}
    - target: {fileID: 7487236060334165795, guid: 88acc80279aa18c4685aec044b412218, type: 3}
      propertyPath: m_LocalEulerAnglesHint.z
      value: 270
      objectReference: {fileID: 0}
    m_RemovedComponents: []
  m_SourcePrefab: {fileID: 100100000, guid: 88acc80279aa18c4685aec044b412218, type: 3}
--- !u!4 &5513655232264398076 stripped
Transform:
  m_CorrespondingSourceObject: {fileID: 7487236060334165795, guid: 88acc80279aa18c4685aec044b412218, type: 3}
  m_PrefabInstance: {fileID: 3129000908426406879}
  m_PrefabAsset: {fileID: 0}
--- !u!1001 &3485475079006790272
PrefabInstance:
  m_ObjectHideFlags: 0
  serializedVersion: 2
  m_Modification:
    m_TransformParent: {fileID: 3827199177276581063}
    m_Modifications:
    - target: {fileID: 1574283180815352719, guid: 65fa5693894bb6e48bedd2c3e04daf82, type: 3}
      propertyPath: m_RootOrder
      value: 8
      objectReference: {fileID: 0}
    - target: {fileID: 1574283180815352719, guid: 65fa5693894bb6e48bedd2c3e04daf82, type: 3}
      propertyPath: m_LocalScale.y
      value: 0.5999998
      objectReference: {fileID: 0}
    - target: {fileID: 1574283180815352719, guid: 65fa5693894bb6e48bedd2c3e04daf82, type: 3}
      propertyPath: m_LocalPosition.x
      value: 8.168257
      objectReference: {fileID: 0}
    - target: {fileID: 1574283180815352719, guid: 65fa5693894bb6e48bedd2c3e04daf82, type: 3}
      propertyPath: m_LocalPosition.y
      value: 0.67857325
      objectReference: {fileID: 0}
    - target: {fileID: 1574283180815352719, guid: 65fa5693894bb6e48bedd2c3e04daf82, type: 3}
      propertyPath: m_LocalPosition.z
      value: -3.7390556
      objectReference: {fileID: 0}
    - target: {fileID: 1574283180815352719, guid: 65fa5693894bb6e48bedd2c3e04daf82, type: 3}
      propertyPath: m_LocalRotation.w
      value: 1
      objectReference: {fileID: 0}
    - target: {fileID: 1574283180815352719, guid: 65fa5693894bb6e48bedd2c3e04daf82, type: 3}
      propertyPath: m_LocalRotation.x
      value: 0.00000005960465
      objectReference: {fileID: 0}
    - target: {fileID: 1574283180815352719, guid: 65fa5693894bb6e48bedd2c3e04daf82, type: 3}
      propertyPath: m_LocalRotation.y
      value: -0.00000017484558
      objectReference: {fileID: 0}
    - target: {fileID: 1574283180815352719, guid: 65fa5693894bb6e48bedd2c3e04daf82, type: 3}
      propertyPath: m_LocalRotation.z
      value: 0.000000087422784
      objectReference: {fileID: 0}
    - target: {fileID: 1574283180815352719, guid: 65fa5693894bb6e48bedd2c3e04daf82, type: 3}
      propertyPath: m_LocalEulerAnglesHint.x
      value: 90
      objectReference: {fileID: 0}
    - target: {fileID: 1574283180815352719, guid: 65fa5693894bb6e48bedd2c3e04daf82, type: 3}
      propertyPath: m_LocalEulerAnglesHint.y
      value: 90
      objectReference: {fileID: 0}
    - target: {fileID: 1574283180815352719, guid: 65fa5693894bb6e48bedd2c3e04daf82, type: 3}
      propertyPath: m_LocalEulerAnglesHint.z
      value: 90
      objectReference: {fileID: 0}
    - target: {fileID: 7325642185878991516, guid: 65fa5693894bb6e48bedd2c3e04daf82, type: 3}
      propertyPath: m_Name
      value: Room_Lvl_1_Column (3)
      objectReference: {fileID: 0}
    m_RemovedComponents: []
  m_SourcePrefab: {fileID: 100100000, guid: 65fa5693894bb6e48bedd2c3e04daf82, type: 3}
--- !u!4 &2703882884517863695 stripped
Transform:
  m_CorrespondingSourceObject: {fileID: 1574283180815352719, guid: 65fa5693894bb6e48bedd2c3e04daf82, type: 3}
  m_PrefabInstance: {fileID: 3485475079006790272}
  m_PrefabAsset: {fileID: 0}
--- !u!1001 &3632495666103709971
PrefabInstance:
  m_ObjectHideFlags: 0
  serializedVersion: 2
  m_Modification:
    m_TransformParent: {fileID: 3827199177276581063}
    m_Modifications:
    - target: {fileID: 4464880455357365502, guid: 88acc80279aa18c4685aec044b412218, type: 3}
      propertyPath: m_Name
      value: Room_Lvl_1_Wall (27)
      objectReference: {fileID: 0}
    - target: {fileID: 7487236060334165795, guid: 88acc80279aa18c4685aec044b412218, type: 3}
      propertyPath: m_RootOrder
      value: 27
      objectReference: {fileID: 0}
    - target: {fileID: 7487236060334165795, guid: 88acc80279aa18c4685aec044b412218, type: 3}
      propertyPath: m_LocalScale.z
      value: 0.5999999
      objectReference: {fileID: 0}
    - target: {fileID: 7487236060334165795, guid: 88acc80279aa18c4685aec044b412218, type: 3}
      propertyPath: m_LocalPosition.x
      value: 6.3544645
      objectReference: {fileID: 0}
    - target: {fileID: 7487236060334165795, guid: 88acc80279aa18c4685aec044b412218, type: 3}
      propertyPath: m_LocalPosition.y
      value: 0.21273041
      objectReference: {fileID: 0}
    - target: {fileID: 7487236060334165795, guid: 88acc80279aa18c4685aec044b412218, type: 3}
      propertyPath: m_LocalPosition.z
      value: -3.6791086
      objectReference: {fileID: 0}
    - target: {fileID: 7487236060334165795, guid: 88acc80279aa18c4685aec044b412218, type: 3}
      propertyPath: m_LocalRotation.w
      value: 0.5000001
      objectReference: {fileID: 0}
    - target: {fileID: 7487236060334165795, guid: 88acc80279aa18c4685aec044b412218, type: 3}
      propertyPath: m_LocalRotation.x
      value: -0.5000001
      objectReference: {fileID: 0}
    - target: {fileID: 7487236060334165795, guid: 88acc80279aa18c4685aec044b412218, type: 3}
      propertyPath: m_LocalRotation.y
      value: 0.49999985
      objectReference: {fileID: 0}
    - target: {fileID: 7487236060334165795, guid: 88acc80279aa18c4685aec044b412218, type: 3}
      propertyPath: m_LocalRotation.z
      value: 0.5
      objectReference: {fileID: 0}
    - target: {fileID: 7487236060334165795, guid: 88acc80279aa18c4685aec044b412218, type: 3}
      propertyPath: m_LocalEulerAnglesHint.x
      value: 0
      objectReference: {fileID: 0}
    - target: {fileID: 7487236060334165795, guid: 88acc80279aa18c4685aec044b412218, type: 3}
      propertyPath: m_LocalEulerAnglesHint.y
      value: 0
      objectReference: {fileID: 0}
    - target: {fileID: 7487236060334165795, guid: 88acc80279aa18c4685aec044b412218, type: 3}
      propertyPath: m_LocalEulerAnglesHint.z
      value: 90
      objectReference: {fileID: 0}
    m_RemovedComponents: []
  m_SourcePrefab: {fileID: 100100000, guid: 88acc80279aa18c4685aec044b412218, type: 3}
--- !u!4 &6161265238168010288 stripped
Transform:
  m_CorrespondingSourceObject: {fileID: 7487236060334165795, guid: 88acc80279aa18c4685aec044b412218, type: 3}
  m_PrefabInstance: {fileID: 3632495666103709971}
  m_PrefabAsset: {fileID: 0}
--- !u!1001 &3948889460526823969
PrefabInstance:
  m_ObjectHideFlags: 0
  serializedVersion: 2
  m_Modification:
    m_TransformParent: {fileID: 3827199177276581063}
    m_Modifications:
    - target: {fileID: 1574283180815352719, guid: 65fa5693894bb6e48bedd2c3e04daf82, type: 3}
      propertyPath: m_RootOrder
      value: 0
      objectReference: {fileID: 0}
    - target: {fileID: 1574283180815352719, guid: 65fa5693894bb6e48bedd2c3e04daf82, type: 3}
      propertyPath: m_LocalScale.y
      value: 0.59999985
      objectReference: {fileID: 0}
    - target: {fileID: 1574283180815352719, guid: 65fa5693894bb6e48bedd2c3e04daf82, type: 3}
      propertyPath: m_LocalPosition.x
      value: -3.4633527
      objectReference: {fileID: 0}
    - target: {fileID: 1574283180815352719, guid: 65fa5693894bb6e48bedd2c3e04daf82, type: 3}
      propertyPath: m_LocalPosition.y
      value: 0.67857337
      objectReference: {fileID: 0}
    - target: {fileID: 1574283180815352719, guid: 65fa5693894bb6e48bedd2c3e04daf82, type: 3}
      propertyPath: m_LocalPosition.z
      value: -3.7387028
      objectReference: {fileID: 0}
    - target: {fileID: 1574283180815352719, guid: 65fa5693894bb6e48bedd2c3e04daf82, type: 3}
      propertyPath: m_LocalRotation.w
      value: 0.7071069
      objectReference: {fileID: 0}
    - target: {fileID: 1574283180815352719, guid: 65fa5693894bb6e48bedd2c3e04daf82, type: 3}
      propertyPath: m_LocalRotation.x
      value: -0
      objectReference: {fileID: 0}
    - target: {fileID: 1574283180815352719, guid: 65fa5693894bb6e48bedd2c3e04daf82, type: 3}
      propertyPath: m_LocalRotation.y
      value: 0.7071067
      objectReference: {fileID: 0}
    - target: {fileID: 1574283180815352719, guid: 65fa5693894bb6e48bedd2c3e04daf82, type: 3}
      propertyPath: m_LocalRotation.z
      value: -0
      objectReference: {fileID: 0}
    - target: {fileID: 1574283180815352719, guid: 65fa5693894bb6e48bedd2c3e04daf82, type: 3}
      propertyPath: m_LocalEulerAnglesHint.x
      value: 0
      objectReference: {fileID: 0}
    - target: {fileID: 1574283180815352719, guid: 65fa5693894bb6e48bedd2c3e04daf82, type: 3}
      propertyPath: m_LocalEulerAnglesHint.y
      value: 90
      objectReference: {fileID: 0}
    - target: {fileID: 1574283180815352719, guid: 65fa5693894bb6e48bedd2c3e04daf82, type: 3}
      propertyPath: m_LocalEulerAnglesHint.z
      value: 0
      objectReference: {fileID: 0}
    - target: {fileID: 7325642185878991516, guid: 65fa5693894bb6e48bedd2c3e04daf82, type: 3}
      propertyPath: m_Name
      value: Room_Lvl_1_Column
      objectReference: {fileID: 0}
    m_RemovedComponents: []
  m_SourcePrefab: {fileID: 100100000, guid: 65fa5693894bb6e48bedd2c3e04daf82, type: 3}
--- !u!4 &2528133733998082478 stripped
Transform:
  m_CorrespondingSourceObject: {fileID: 1574283180815352719, guid: 65fa5693894bb6e48bedd2c3e04daf82, type: 3}
  m_PrefabInstance: {fileID: 3948889460526823969}
  m_PrefabAsset: {fileID: 0}
--- !u!1001 &4000718085863434308
PrefabInstance:
  m_ObjectHideFlags: 0
  serializedVersion: 2
  m_Modification:
    m_TransformParent: {fileID: 3827199177276581063}
    m_Modifications:
    - target: {fileID: 4464880455357365502, guid: 88acc80279aa18c4685aec044b412218, type: 3}
      propertyPath: m_Name
      value: Room_Lvl_1_Wall (23)
      objectReference: {fileID: 0}
    - target: {fileID: 7487236060334165795, guid: 88acc80279aa18c4685aec044b412218, type: 3}
      propertyPath: m_RootOrder
      value: 13
      objectReference: {fileID: 0}
    - target: {fileID: 7487236060334165795, guid: 88acc80279aa18c4685aec044b412218, type: 3}
      propertyPath: m_LocalScale.z
      value: 0.5999999
      objectReference: {fileID: 0}
    - target: {fileID: 7487236060334165795, guid: 88acc80279aa18c4685aec044b412218, type: 3}
      propertyPath: m_LocalPosition.x
      value: 1.3518732
      objectReference: {fileID: 0}
    - target: {fileID: 7487236060334165795, guid: 88acc80279aa18c4685aec044b412218, type: 3}
      propertyPath: m_LocalPosition.y
      value: 0.21272969
      objectReference: {fileID: 0}
    - target: {fileID: 7487236060334165795, guid: 88acc80279aa18c4685aec044b412218, type: 3}
      propertyPath: m_LocalPosition.z
      value: -3.6791182
      objectReference: {fileID: 0}
    - target: {fileID: 7487236060334165795, guid: 88acc80279aa18c4685aec044b412218, type: 3}
      propertyPath: m_LocalRotation.w
      value: 0.5000001
      objectReference: {fileID: 0}
    - target: {fileID: 7487236060334165795, guid: 88acc80279aa18c4685aec044b412218, type: 3}
      propertyPath: m_LocalRotation.x
      value: -0.5000001
      objectReference: {fileID: 0}
    - target: {fileID: 7487236060334165795, guid: 88acc80279aa18c4685aec044b412218, type: 3}
      propertyPath: m_LocalRotation.y
      value: 0.49999985
      objectReference: {fileID: 0}
    - target: {fileID: 7487236060334165795, guid: 88acc80279aa18c4685aec044b412218, type: 3}
      propertyPath: m_LocalRotation.z
      value: 0.5
      objectReference: {fileID: 0}
    - target: {fileID: 7487236060334165795, guid: 88acc80279aa18c4685aec044b412218, type: 3}
      propertyPath: m_LocalEulerAnglesHint.x
      value: 0
      objectReference: {fileID: 0}
    - target: {fileID: 7487236060334165795, guid: 88acc80279aa18c4685aec044b412218, type: 3}
      propertyPath: m_LocalEulerAnglesHint.y
      value: 0
      objectReference: {fileID: 0}
    - target: {fileID: 7487236060334165795, guid: 88acc80279aa18c4685aec044b412218, type: 3}
      propertyPath: m_LocalEulerAnglesHint.z
      value: 90
      objectReference: {fileID: 0}
    m_RemovedComponents: []
  m_SourcePrefab: {fileID: 100100000, guid: 88acc80279aa18c4685aec044b412218, type: 3}
--- !u!4 &5795400858533914471 stripped
Transform:
  m_CorrespondingSourceObject: {fileID: 7487236060334165795, guid: 88acc80279aa18c4685aec044b412218, type: 3}
  m_PrefabInstance: {fileID: 4000718085863434308}
  m_PrefabAsset: {fileID: 0}
--- !u!1001 &4061161561431205041
PrefabInstance:
  m_ObjectHideFlags: 0
  serializedVersion: 2
  m_Modification:
    m_TransformParent: {fileID: 3827199177276581063}
    m_Modifications:
    - target: {fileID: 4464880455357365502, guid: 88acc80279aa18c4685aec044b412218, type: 3}
      propertyPath: m_Name
      value: Room_Lvl_1_Wall (29)
      objectReference: {fileID: 0}
    - target: {fileID: 7487236060334165795, guid: 88acc80279aa18c4685aec044b412218, type: 3}
      propertyPath: m_RootOrder
      value: 18
      objectReference: {fileID: 0}
    - target: {fileID: 7487236060334165795, guid: 88acc80279aa18c4685aec044b412218, type: 3}
      propertyPath: m_LocalScale.z
      value: 0.5999999
      objectReference: {fileID: 0}
    - target: {fileID: 7487236060334165795, guid: 88acc80279aa18c4685aec044b412218, type: 3}
      propertyPath: m_LocalPosition.x
      value: -1.6497202
      objectReference: {fileID: 0}
    - target: {fileID: 7487236060334165795, guid: 88acc80279aa18c4685aec044b412218, type: 3}
      propertyPath: m_LocalPosition.y
      value: 0.21273112
      objectReference: {fileID: 0}
    - target: {fileID: 7487236060334165795, guid: 88acc80279aa18c4685aec044b412218, type: 3}
      propertyPath: m_LocalPosition.z
      value: 5.8208942
      objectReference: {fileID: 0}
    - target: {fileID: 7487236060334165795, guid: 88acc80279aa18c4685aec044b412218, type: 3}
      propertyPath: m_LocalRotation.w
      value: -0.5
      objectReference: {fileID: 0}
    - target: {fileID: 7487236060334165795, guid: 88acc80279aa18c4685aec044b412218, type: 3}
      propertyPath: m_LocalRotation.x
      value: 0.49999985
      objectReference: {fileID: 0}
    - target: {fileID: 7487236060334165795, guid: 88acc80279aa18c4685aec044b412218, type: 3}
      propertyPath: m_LocalRotation.y
      value: 0.5000001
      objectReference: {fileID: 0}
    - target: {fileID: 7487236060334165795, guid: 88acc80279aa18c4685aec044b412218, type: 3}
      propertyPath: m_LocalRotation.z
      value: 0.5000001
      objectReference: {fileID: 0}
    - target: {fileID: 7487236060334165795, guid: 88acc80279aa18c4685aec044b412218, type: 3}
      propertyPath: m_LocalEulerAnglesHint.x
      value: 0
      objectReference: {fileID: 0}
    - target: {fileID: 7487236060334165795, guid: 88acc80279aa18c4685aec044b412218, type: 3}
      propertyPath: m_LocalEulerAnglesHint.y
      value: 0
      objectReference: {fileID: 0}
    - target: {fileID: 7487236060334165795, guid: 88acc80279aa18c4685aec044b412218, type: 3}
      propertyPath: m_LocalEulerAnglesHint.z
      value: 270
      objectReference: {fileID: 0}
    m_RemovedComponents: []
  m_SourcePrefab: {fileID: 100100000, guid: 88acc80279aa18c4685aec044b412218, type: 3}
--- !u!4 &6896178072129989522 stripped
Transform:
  m_CorrespondingSourceObject: {fileID: 7487236060334165795, guid: 88acc80279aa18c4685aec044b412218, type: 3}
  m_PrefabInstance: {fileID: 4061161561431205041}
  m_PrefabAsset: {fileID: 0}
--- !u!1001 &4350816161171491591
PrefabInstance:
  m_ObjectHideFlags: 0
  serializedVersion: 2
  m_Modification:
    m_TransformParent: {fileID: 3827199177276581063}
    m_Modifications:
    - target: {fileID: 4464880455357365502, guid: 88acc80279aa18c4685aec044b412218, type: 3}
      propertyPath: m_Name
      value: Room_Lvl_1_Wall (17)
      objectReference: {fileID: 0}
    - target: {fileID: 7487236060334165795, guid: 88acc80279aa18c4685aec044b412218, type: 3}
      propertyPath: m_RootOrder
      value: 6
      objectReference: {fileID: 0}
    - target: {fileID: 7487236060334165795, guid: 88acc80279aa18c4685aec044b412218, type: 3}
      propertyPath: m_LocalScale.z
      value: 0.5999997
      objectReference: {fileID: 0}
    - target: {fileID: 7487236060334165795, guid: 88acc80279aa18c4685aec044b412218, type: 3}
      propertyPath: m_LocalPosition.x
      value: 8.10576
      objectReference: {fileID: 0}
    - target: {fileID: 7487236060334165795, guid: 88acc80279aa18c4685aec044b412218, type: 3}
      propertyPath: m_LocalPosition.y
      value: 0.2127279
      objectReference: {fileID: 0}
    - target: {fileID: 7487236060334165795, guid: 88acc80279aa18c4685aec044b412218, type: 3}
      propertyPath: m_LocalPosition.z
      value: -1.9261227
      objectReference: {fileID: 0}
    - target: {fileID: 7487236060334165795, guid: 88acc80279aa18c4685aec044b412218, type: 3}
      propertyPath: m_LocalRotation.w
      value: 0.7071068
      objectReference: {fileID: 0}
    - target: {fileID: 7487236060334165795, guid: 88acc80279aa18c4685aec044b412218, type: 3}
      propertyPath: m_LocalRotation.x
      value: -0.7071067
      objectReference: {fileID: 0}
    - target: {fileID: 7487236060334165795, guid: 88acc80279aa18c4685aec044b412218, type: 3}
      propertyPath: m_LocalRotation.y
      value: -0.00000018545173
      objectReference: {fileID: 0}
    - target: {fileID: 7487236060334165795, guid: 88acc80279aa18c4685aec044b412218, type: 3}
      propertyPath: m_LocalRotation.z
      value: -0.00000006181725
      objectReference: {fileID: 0}
    - target: {fileID: 7487236060334165795, guid: 88acc80279aa18c4685aec044b412218, type: 3}
      propertyPath: m_LocalEulerAnglesHint.x
      value: 0
      objectReference: {fileID: 0}
    - target: {fileID: 7487236060334165795, guid: 88acc80279aa18c4685aec044b412218, type: 3}
      propertyPath: m_LocalEulerAnglesHint.y
      value: 0
      objectReference: {fileID: 0}
    - target: {fileID: 7487236060334165795, guid: 88acc80279aa18c4685aec044b412218, type: 3}
      propertyPath: m_LocalEulerAnglesHint.z
      value: 0
      objectReference: {fileID: 0}
    m_RemovedComponents: []
  m_SourcePrefab: {fileID: 100100000, guid: 88acc80279aa18c4685aec044b412218, type: 3}
--- !u!4 &6595862194256167972 stripped
Transform:
  m_CorrespondingSourceObject: {fileID: 7487236060334165795, guid: 88acc80279aa18c4685aec044b412218, type: 3}
  m_PrefabInstance: {fileID: 4350816161171491591}
  m_PrefabAsset: {fileID: 0}
--- !u!1001 &4577687287747984581
PrefabInstance:
  m_ObjectHideFlags: 0
  serializedVersion: 2
  m_Modification:
    m_TransformParent: {fileID: 3827199177276581063}
    m_Modifications:
    - target: {fileID: 4464880455357365502, guid: 88acc80279aa18c4685aec044b412218, type: 3}
      propertyPath: m_Name
      value: Room_Lvl_1_Wall (30)
      objectReference: {fileID: 0}
    - target: {fileID: 7487236060334165795, guid: 88acc80279aa18c4685aec044b412218, type: 3}
      propertyPath: m_RootOrder
      value: 19
      objectReference: {fileID: 0}
    - target: {fileID: 7487236060334165795, guid: 88acc80279aa18c4685aec044b412218, type: 3}
      propertyPath: m_LocalScale.z
      value: 0.5999999
      objectReference: {fileID: 0}
    - target: {fileID: 7487236060334165795, guid: 88acc80279aa18c4685aec044b412218, type: 3}
      propertyPath: m_LocalPosition.x
      value: 3.35291
      objectReference: {fileID: 0}
    - target: {fileID: 7487236060334165795, guid: 88acc80279aa18c4685aec044b412218, type: 3}
      propertyPath: m_LocalPosition.y
      value: 0.21273112
      objectReference: {fileID: 0}
    - target: {fileID: 7487236060334165795, guid: 88acc80279aa18c4685aec044b412218, type: 3}
      propertyPath: m_LocalPosition.z
      value: 5.820904
      objectReference: {fileID: 0}
    - target: {fileID: 7487236060334165795, guid: 88acc80279aa18c4685aec044b412218, type: 3}
      propertyPath: m_LocalRotation.w
      value: -0.5
      objectReference: {fileID: 0}
    - target: {fileID: 7487236060334165795, guid: 88acc80279aa18c4685aec044b412218, type: 3}
      propertyPath: m_LocalRotation.x
      value: 0.49999985
      objectReference: {fileID: 0}
    - target: {fileID: 7487236060334165795, guid: 88acc80279aa18c4685aec044b412218, type: 3}
      propertyPath: m_LocalRotation.y
      value: 0.5000001
      objectReference: {fileID: 0}
    - target: {fileID: 7487236060334165795, guid: 88acc80279aa18c4685aec044b412218, type: 3}
      propertyPath: m_LocalRotation.z
      value: 0.5000001
      objectReference: {fileID: 0}
    - target: {fileID: 7487236060334165795, guid: 88acc80279aa18c4685aec044b412218, type: 3}
      propertyPath: m_LocalEulerAnglesHint.x
      value: 0
      objectReference: {fileID: 0}
    - target: {fileID: 7487236060334165795, guid: 88acc80279aa18c4685aec044b412218, type: 3}
      propertyPath: m_LocalEulerAnglesHint.y
      value: 0
      objectReference: {fileID: 0}
    - target: {fileID: 7487236060334165795, guid: 88acc80279aa18c4685aec044b412218, type: 3}
      propertyPath: m_LocalEulerAnglesHint.z
      value: 270
      objectReference: {fileID: 0}
    m_RemovedComponents: []
  m_SourcePrefab: {fileID: 100100000, guid: 88acc80279aa18c4685aec044b412218, type: 3}
--- !u!4 &6372373375968130022 stripped
Transform:
  m_CorrespondingSourceObject: {fileID: 7487236060334165795, guid: 88acc80279aa18c4685aec044b412218, type: 3}
  m_PrefabInstance: {fileID: 4577687287747984581}
  m_PrefabAsset: {fileID: 0}
--- !u!1001 &4632296480837590907
PrefabInstance:
  m_ObjectHideFlags: 0
  serializedVersion: 2
  m_Modification:
    m_TransformParent: {fileID: 3827199177276581063}
    m_Modifications:
    - target: {fileID: 4464880455357365502, guid: 88acc80279aa18c4685aec044b412218, type: 3}
      propertyPath: m_Name
      value: Room_Lvl_1_Wall (34)
      objectReference: {fileID: 0}
    - target: {fileID: 7487236060334165795, guid: 88acc80279aa18c4685aec044b412218, type: 3}
      propertyPath: m_RootOrder
      value: 24
      objectReference: {fileID: 0}
    - target: {fileID: 7487236060334165795, guid: 88acc80279aa18c4685aec044b412218, type: 3}
      propertyPath: m_LocalScale.z
      value: 0.5999999
      objectReference: {fileID: 0}
    - target: {fileID: 7487236060334165795, guid: 88acc80279aa18c4685aec044b412218, type: 3}
      propertyPath: m_LocalPosition.x
      value: 5.3539543
      objectReference: {fileID: 0}
    - target: {fileID: 7487236060334165795, guid: 88acc80279aa18c4685aec044b412218, type: 3}
      propertyPath: m_LocalPosition.y
      value: 0.21273136
      objectReference: {fileID: 0}
    - target: {fileID: 7487236060334165795, guid: 88acc80279aa18c4685aec044b412218, type: 3}
      propertyPath: m_LocalPosition.z
      value: 5.8209076
      objectReference: {fileID: 0}
    - target: {fileID: 7487236060334165795, guid: 88acc80279aa18c4685aec044b412218, type: 3}
      propertyPath: m_LocalRotation.w
      value: -0.5
      objectReference: {fileID: 0}
    - target: {fileID: 7487236060334165795, guid: 88acc80279aa18c4685aec044b412218, type: 3}
      propertyPath: m_LocalRotation.x
      value: 0.49999985
      objectReference: {fileID: 0}
    - target: {fileID: 7487236060334165795, guid: 88acc80279aa18c4685aec044b412218, type: 3}
      propertyPath: m_LocalRotation.y
      value: 0.5000001
      objectReference: {fileID: 0}
    - target: {fileID: 7487236060334165795, guid: 88acc80279aa18c4685aec044b412218, type: 3}
      propertyPath: m_LocalRotation.z
      value: 0.5000001
      objectReference: {fileID: 0}
    - target: {fileID: 7487236060334165795, guid: 88acc80279aa18c4685aec044b412218, type: 3}
      propertyPath: m_LocalEulerAnglesHint.x
      value: 0
      objectReference: {fileID: 0}
    - target: {fileID: 7487236060334165795, guid: 88acc80279aa18c4685aec044b412218, type: 3}
      propertyPath: m_LocalEulerAnglesHint.y
      value: 0
      objectReference: {fileID: 0}
    - target: {fileID: 7487236060334165795, guid: 88acc80279aa18c4685aec044b412218, type: 3}
      propertyPath: m_LocalEulerAnglesHint.z
      value: 270
      objectReference: {fileID: 0}
    m_RemovedComponents: []
  m_SourcePrefab: {fileID: 100100000, guid: 88acc80279aa18c4685aec044b412218, type: 3}
--- !u!4 &2855625882052808792 stripped
Transform:
  m_CorrespondingSourceObject: {fileID: 7487236060334165795, guid: 88acc80279aa18c4685aec044b412218, type: 3}
  m_PrefabInstance: {fileID: 4632296480837590907}
  m_PrefabAsset: {fileID: 0}
--- !u!1001 &4743613385115078410
PrefabInstance:
  m_ObjectHideFlags: 0
  serializedVersion: 2
  m_Modification:
    m_TransformParent: {fileID: 3827199177276581063}
    m_Modifications:
    - target: {fileID: 4464880455357365502, guid: 88acc80279aa18c4685aec044b412218, type: 3}
      propertyPath: m_Name
      value: Room_Lvl_1_Wall (15)
      objectReference: {fileID: 0}
    - target: {fileID: 7487236060334165795, guid: 88acc80279aa18c4685aec044b412218, type: 3}
      propertyPath: m_RootOrder
      value: 4
      objectReference: {fileID: 0}
    - target: {fileID: 7487236060334165795, guid: 88acc80279aa18c4685aec044b412218, type: 3}
      propertyPath: m_LocalScale.z
      value: 0.5999997
      objectReference: {fileID: 0}
    - target: {fileID: 7487236060334165795, guid: 88acc80279aa18c4685aec044b412218, type: 3}
      propertyPath: m_LocalPosition.x
      value: 8.105757
      objectReference: {fileID: 0}
    - target: {fileID: 7487236060334165795, guid: 88acc80279aa18c4685aec044b412218, type: 3}
      propertyPath: m_LocalPosition.y
      value: 0.21272779
      objectReference: {fileID: 0}
    - target: {fileID: 7487236060334165795, guid: 88acc80279aa18c4685aec044b412218, type: 3}
      propertyPath: m_LocalPosition.z
      value: 0.074913025
      objectReference: {fileID: 0}
    - target: {fileID: 7487236060334165795, guid: 88acc80279aa18c4685aec044b412218, type: 3}
      propertyPath: m_LocalRotation.w
      value: 0.7071068
      objectReference: {fileID: 0}
    - target: {fileID: 7487236060334165795, guid: 88acc80279aa18c4685aec044b412218, type: 3}
      propertyPath: m_LocalRotation.x
      value: -0.7071067
      objectReference: {fileID: 0}
    - target: {fileID: 7487236060334165795, guid: 88acc80279aa18c4685aec044b412218, type: 3}
      propertyPath: m_LocalRotation.y
      value: -0.00000018545173
      objectReference: {fileID: 0}
    - target: {fileID: 7487236060334165795, guid: 88acc80279aa18c4685aec044b412218, type: 3}
      propertyPath: m_LocalRotation.z
      value: -0.00000006181725
      objectReference: {fileID: 0}
    - target: {fileID: 7487236060334165795, guid: 88acc80279aa18c4685aec044b412218, type: 3}
      propertyPath: m_LocalEulerAnglesHint.x
      value: 0
      objectReference: {fileID: 0}
    - target: {fileID: 7487236060334165795, guid: 88acc80279aa18c4685aec044b412218, type: 3}
      propertyPath: m_LocalEulerAnglesHint.y
      value: 0
      objectReference: {fileID: 0}
    - target: {fileID: 7487236060334165795, guid: 88acc80279aa18c4685aec044b412218, type: 3}
      propertyPath: m_LocalEulerAnglesHint.z
      value: 0
      objectReference: {fileID: 0}
    m_RemovedComponents: []
  m_SourcePrefab: {fileID: 100100000, guid: 88acc80279aa18c4685aec044b412218, type: 3}
--- !u!4 &2755273586899157033 stripped
Transform:
  m_CorrespondingSourceObject: {fileID: 7487236060334165795, guid: 88acc80279aa18c4685aec044b412218, type: 3}
  m_PrefabInstance: {fileID: 4743613385115078410}
  m_PrefabAsset: {fileID: 0}
--- !u!1001 &5166824010494488883
PrefabInstance:
  m_ObjectHideFlags: 0
  serializedVersion: 2
  m_Modification:
    m_TransformParent: {fileID: 3827199177276581063}
    m_Modifications:
    - target: {fileID: 4464880455357365502, guid: 88acc80279aa18c4685aec044b412218, type: 3}
      propertyPath: m_Name
      value: Room_Lvl_1_Wall (24)
      objectReference: {fileID: 0}
    - target: {fileID: 7487236060334165795, guid: 88acc80279aa18c4685aec044b412218, type: 3}
      propertyPath: m_RootOrder
      value: 14
      objectReference: {fileID: 0}
    - target: {fileID: 7487236060334165795, guid: 88acc80279aa18c4685aec044b412218, type: 3}
      propertyPath: m_LocalScale.z
      value: 0.5999999
      objectReference: {fileID: 0}
    - target: {fileID: 7487236060334165795, guid: 88acc80279aa18c4685aec044b412218, type: 3}
      propertyPath: m_LocalPosition.x
      value: 4.353428
      objectReference: {fileID: 0}
    - target: {fileID: 7487236060334165795, guid: 88acc80279aa18c4685aec044b412218, type: 3}
      propertyPath: m_LocalPosition.y
      value: 0.21272993
      objectReference: {fileID: 0}
    - target: {fileID: 7487236060334165795, guid: 88acc80279aa18c4685aec044b412218, type: 3}
      propertyPath: m_LocalPosition.z
      value: -3.6791124
      objectReference: {fileID: 0}
    - target: {fileID: 7487236060334165795, guid: 88acc80279aa18c4685aec044b412218, type: 3}
      propertyPath: m_LocalRotation.w
      value: 0.5000001
      objectReference: {fileID: 0}
    - target: {fileID: 7487236060334165795, guid: 88acc80279aa18c4685aec044b412218, type: 3}
      propertyPath: m_LocalRotation.x
      value: -0.5000001
      objectReference: {fileID: 0}
    - target: {fileID: 7487236060334165795, guid: 88acc80279aa18c4685aec044b412218, type: 3}
      propertyPath: m_LocalRotation.y
      value: 0.49999985
      objectReference: {fileID: 0}
    - target: {fileID: 7487236060334165795, guid: 88acc80279aa18c4685aec044b412218, type: 3}
      propertyPath: m_LocalRotation.z
      value: 0.5
      objectReference: {fileID: 0}
    - target: {fileID: 7487236060334165795, guid: 88acc80279aa18c4685aec044b412218, type: 3}
      propertyPath: m_LocalEulerAnglesHint.x
      value: 0
      objectReference: {fileID: 0}
    - target: {fileID: 7487236060334165795, guid: 88acc80279aa18c4685aec044b412218, type: 3}
      propertyPath: m_LocalEulerAnglesHint.y
      value: 0
      objectReference: {fileID: 0}
    - target: {fileID: 7487236060334165795, guid: 88acc80279aa18c4685aec044b412218, type: 3}
      propertyPath: m_LocalEulerAnglesHint.z
      value: 90
      objectReference: {fileID: 0}
    m_RemovedComponents: []
  m_SourcePrefab: {fileID: 100100000, guid: 88acc80279aa18c4685aec044b412218, type: 3}
--- !u!4 &2331807525865602576 stripped
Transform:
  m_CorrespondingSourceObject: {fileID: 7487236060334165795, guid: 88acc80279aa18c4685aec044b412218, type: 3}
  m_PrefabInstance: {fileID: 5166824010494488883}
  m_PrefabAsset: {fileID: 0}
--- !u!1001 &5208318405326271665
PrefabInstance:
  m_ObjectHideFlags: 0
  serializedVersion: 2
  m_Modification:
    m_TransformParent: {fileID: 3827199177276581063}
    m_Modifications:
    - target: {fileID: 4464880455357365502, guid: 88acc80279aa18c4685aec044b412218, type: 3}
      propertyPath: m_Name
      value: Room_Lvl_1_Wall (22)
      objectReference: {fileID: 0}
    - target: {fileID: 7487236060334165795, guid: 88acc80279aa18c4685aec044b412218, type: 3}
      propertyPath: m_RootOrder
      value: 12
      objectReference: {fileID: 0}
    - target: {fileID: 7487236060334165795, guid: 88acc80279aa18c4685aec044b412218, type: 3}
      propertyPath: m_LocalScale.z
      value: 0.5999999
      objectReference: {fileID: 0}
    - target: {fileID: 7487236060334165795, guid: 88acc80279aa18c4685aec044b412218, type: 3}
      propertyPath: m_LocalPosition.x
      value: 2.3523917
      objectReference: {fileID: 0}
    - target: {fileID: 7487236060334165795, guid: 88acc80279aa18c4685aec044b412218, type: 3}
      propertyPath: m_LocalPosition.y
      value: 0.21272993
      objectReference: {fileID: 0}
    - target: {fileID: 7487236060334165795, guid: 88acc80279aa18c4685aec044b412218, type: 3}
      propertyPath: m_LocalPosition.z
      value: -3.6791162
      objectReference: {fileID: 0}
    - target: {fileID: 7487236060334165795, guid: 88acc80279aa18c4685aec044b412218, type: 3}
      propertyPath: m_LocalRotation.w
      value: 0.5000001
      objectReference: {fileID: 0}
    - target: {fileID: 7487236060334165795, guid: 88acc80279aa18c4685aec044b412218, type: 3}
      propertyPath: m_LocalRotation.x
      value: -0.5000001
      objectReference: {fileID: 0}
    - target: {fileID: 7487236060334165795, guid: 88acc80279aa18c4685aec044b412218, type: 3}
      propertyPath: m_LocalRotation.y
      value: 0.49999985
      objectReference: {fileID: 0}
    - target: {fileID: 7487236060334165795, guid: 88acc80279aa18c4685aec044b412218, type: 3}
      propertyPath: m_LocalRotation.z
      value: 0.5
      objectReference: {fileID: 0}
    - target: {fileID: 7487236060334165795, guid: 88acc80279aa18c4685aec044b412218, type: 3}
      propertyPath: m_LocalEulerAnglesHint.x
      value: 0
      objectReference: {fileID: 0}
    - target: {fileID: 7487236060334165795, guid: 88acc80279aa18c4685aec044b412218, type: 3}
      propertyPath: m_LocalEulerAnglesHint.y
      value: 0
      objectReference: {fileID: 0}
    - target: {fileID: 7487236060334165795, guid: 88acc80279aa18c4685aec044b412218, type: 3}
      propertyPath: m_LocalEulerAnglesHint.z
      value: 90
      objectReference: {fileID: 0}
    m_RemovedComponents: []
  m_SourcePrefab: {fileID: 100100000, guid: 88acc80279aa18c4685aec044b412218, type: 3}
--- !u!4 &3436150281424829330 stripped
Transform:
  m_CorrespondingSourceObject: {fileID: 7487236060334165795, guid: 88acc80279aa18c4685aec044b412218, type: 3}
  m_PrefabInstance: {fileID: 5208318405326271665}
  m_PrefabAsset: {fileID: 0}
--- !u!1001 &5391617476847547950
PrefabInstance:
  m_ObjectHideFlags: 0
  serializedVersion: 2
  m_Modification:
    m_TransformParent: {fileID: 3827199177276581063}
    m_Modifications:
    - target: {fileID: 4464880455357365502, guid: 88acc80279aa18c4685aec044b412218, type: 3}
      propertyPath: m_Name
      value: Room_Lvl_1_Wall (35)
      objectReference: {fileID: 0}
    - target: {fileID: 7487236060334165795, guid: 88acc80279aa18c4685aec044b412218, type: 3}
      propertyPath: m_RootOrder
      value: 25
      objectReference: {fileID: 0}
    - target: {fileID: 7487236060334165795, guid: 88acc80279aa18c4685aec044b412218, type: 3}
      propertyPath: m_LocalScale.z
      value: 0.5999999
      objectReference: {fileID: 0}
    - target: {fileID: 7487236060334165795, guid: 88acc80279aa18c4685aec044b412218, type: 3}
      propertyPath: m_LocalPosition.x
      value: 6.35448
      objectReference: {fileID: 0}
    - target: {fileID: 7487236060334165795, guid: 88acc80279aa18c4685aec044b412218, type: 3}
      propertyPath: m_LocalPosition.y
      value: 0.21273136
      objectReference: {fileID: 0}
    - target: {fileID: 7487236060334165795, guid: 88acc80279aa18c4685aec044b412218, type: 3}
      propertyPath: m_LocalPosition.z
      value: 5.8209095
      objectReference: {fileID: 0}
    - target: {fileID: 7487236060334165795, guid: 88acc80279aa18c4685aec044b412218, type: 3}
      propertyPath: m_LocalRotation.w
      value: -0.5
      objectReference: {fileID: 0}
    - target: {fileID: 7487236060334165795, guid: 88acc80279aa18c4685aec044b412218, type: 3}
      propertyPath: m_LocalRotation.x
      value: 0.49999985
      objectReference: {fileID: 0}
    - target: {fileID: 7487236060334165795, guid: 88acc80279aa18c4685aec044b412218, type: 3}
      propertyPath: m_LocalRotation.y
      value: 0.5000001
      objectReference: {fileID: 0}
    - target: {fileID: 7487236060334165795, guid: 88acc80279aa18c4685aec044b412218, type: 3}
      propertyPath: m_LocalRotation.z
      value: 0.5000001
      objectReference: {fileID: 0}
    - target: {fileID: 7487236060334165795, guid: 88acc80279aa18c4685aec044b412218, type: 3}
      propertyPath: m_LocalEulerAnglesHint.x
      value: 0
      objectReference: {fileID: 0}
    - target: {fileID: 7487236060334165795, guid: 88acc80279aa18c4685aec044b412218, type: 3}
      propertyPath: m_LocalEulerAnglesHint.y
      value: 0
      objectReference: {fileID: 0}
    - target: {fileID: 7487236060334165795, guid: 88acc80279aa18c4685aec044b412218, type: 3}
      propertyPath: m_LocalEulerAnglesHint.z
      value: 270
      objectReference: {fileID: 0}
    m_RemovedComponents: []
  m_SourcePrefab: {fileID: 100100000, guid: 88acc80279aa18c4685aec044b412218, type: 3}
--- !u!4 &3259161373648599309 stripped
Transform:
  m_CorrespondingSourceObject: {fileID: 7487236060334165795, guid: 88acc80279aa18c4685aec044b412218, type: 3}
  m_PrefabInstance: {fileID: 5391617476847547950}
  m_PrefabAsset: {fileID: 0}
--- !u!1001 &5726272272489699694
PrefabInstance:
  m_ObjectHideFlags: 0
  serializedVersion: 2
  m_Modification:
    m_TransformParent: {fileID: 3827199177276581063}
    m_Modifications:
    - target: {fileID: 4464880455357365502, guid: 88acc80279aa18c4685aec044b412218, type: 3}
      propertyPath: m_Name
      value: Room_Lvl_1_Wall (26)
      objectReference: {fileID: 0}
    - target: {fileID: 7487236060334165795, guid: 88acc80279aa18c4685aec044b412218, type: 3}
      propertyPath: m_RootOrder
      value: 15
      objectReference: {fileID: 0}
    - target: {fileID: 7487236060334165795, guid: 88acc80279aa18c4685aec044b412218, type: 3}
      propertyPath: m_LocalScale.z
      value: 0.5999999
      objectReference: {fileID: 0}
    - target: {fileID: 7487236060334165795, guid: 88acc80279aa18c4685aec044b412218, type: 3}
      propertyPath: m_LocalPosition.x
      value: 5.353946
      objectReference: {fileID: 0}
    - target: {fileID: 7487236060334165795, guid: 88acc80279aa18c4685aec044b412218, type: 3}
      propertyPath: m_LocalPosition.y
      value: 0.21273017
      objectReference: {fileID: 0}
    - target: {fileID: 7487236060334165795, guid: 88acc80279aa18c4685aec044b412218, type: 3}
      propertyPath: m_LocalPosition.z
      value: -3.6791105
      objectReference: {fileID: 0}
    - target: {fileID: 7487236060334165795, guid: 88acc80279aa18c4685aec044b412218, type: 3}
      propertyPath: m_LocalRotation.w
      value: 0.5000001
      objectReference: {fileID: 0}
    - target: {fileID: 7487236060334165795, guid: 88acc80279aa18c4685aec044b412218, type: 3}
      propertyPath: m_LocalRotation.x
      value: -0.5000001
      objectReference: {fileID: 0}
    - target: {fileID: 7487236060334165795, guid: 88acc80279aa18c4685aec044b412218, type: 3}
      propertyPath: m_LocalRotation.y
      value: 0.49999985
      objectReference: {fileID: 0}
    - target: {fileID: 7487236060334165795, guid: 88acc80279aa18c4685aec044b412218, type: 3}
      propertyPath: m_LocalRotation.z
      value: 0.5
      objectReference: {fileID: 0}
    - target: {fileID: 7487236060334165795, guid: 88acc80279aa18c4685aec044b412218, type: 3}
      propertyPath: m_LocalEulerAnglesHint.x
      value: 0
      objectReference: {fileID: 0}
    - target: {fileID: 7487236060334165795, guid: 88acc80279aa18c4685aec044b412218, type: 3}
      propertyPath: m_LocalEulerAnglesHint.y
      value: 0
      objectReference: {fileID: 0}
    - target: {fileID: 7487236060334165795, guid: 88acc80279aa18c4685aec044b412218, type: 3}
      propertyPath: m_LocalEulerAnglesHint.z
      value: 90
      objectReference: {fileID: 0}
    m_RemovedComponents: []
  m_SourcePrefab: {fileID: 100100000, guid: 88acc80279aa18c4685aec044b412218, type: 3}
--- !u!4 &2927286766171608653 stripped
Transform:
  m_CorrespondingSourceObject: {fileID: 7487236060334165795, guid: 88acc80279aa18c4685aec044b412218, type: 3}
  m_PrefabInstance: {fileID: 5726272272489699694}
  m_PrefabAsset: {fileID: 0}
--- !u!1001 &5729565870755291380
PrefabInstance:
  m_ObjectHideFlags: 0
  serializedVersion: 2
  m_Modification:
    m_TransformParent: {fileID: 3827199177276581063}
    m_Modifications:
    - target: {fileID: 4464880455357365502, guid: 88acc80279aa18c4685aec044b412218, type: 3}
      propertyPath: m_Name
      value: Room_Lvl_1_Wall (14)
      objectReference: {fileID: 0}
    - target: {fileID: 7487236060334165795, guid: 88acc80279aa18c4685aec044b412218, type: 3}
      propertyPath: m_RootOrder
      value: 3
      objectReference: {fileID: 0}
    - target: {fileID: 7487236060334165795, guid: 88acc80279aa18c4685aec044b412218, type: 3}
      propertyPath: m_LocalScale.z
      value: 0.5999997
      objectReference: {fileID: 0}
    - target: {fileID: 7487236060334165795, guid: 88acc80279aa18c4685aec044b412218, type: 3}
      propertyPath: m_LocalPosition.x
      value: 8.105755
      objectReference: {fileID: 0}
    - target: {fileID: 7487236060334165795, guid: 88acc80279aa18c4685aec044b412218, type: 3}
      propertyPath: m_LocalPosition.y
      value: 0.21272755
      objectReference: {fileID: 0}
    - target: {fileID: 7487236060334165795, guid: 88acc80279aa18c4685aec044b412218, type: 3}
      propertyPath: m_LocalPosition.z
      value: 1.0754309
      objectReference: {fileID: 0}
    - target: {fileID: 7487236060334165795, guid: 88acc80279aa18c4685aec044b412218, type: 3}
      propertyPath: m_LocalRotation.w
      value: 0.7071068
      objectReference: {fileID: 0}
    - target: {fileID: 7487236060334165795, guid: 88acc80279aa18c4685aec044b412218, type: 3}
      propertyPath: m_LocalRotation.x
      value: -0.7071067
      objectReference: {fileID: 0}
    - target: {fileID: 7487236060334165795, guid: 88acc80279aa18c4685aec044b412218, type: 3}
      propertyPath: m_LocalRotation.y
      value: -0.00000018545173
      objectReference: {fileID: 0}
    - target: {fileID: 7487236060334165795, guid: 88acc80279aa18c4685aec044b412218, type: 3}
      propertyPath: m_LocalRotation.z
      value: -0.00000006181725
      objectReference: {fileID: 0}
    - target: {fileID: 7487236060334165795, guid: 88acc80279aa18c4685aec044b412218, type: 3}
      propertyPath: m_LocalEulerAnglesHint.x
      value: 0
      objectReference: {fileID: 0}
    - target: {fileID: 7487236060334165795, guid: 88acc80279aa18c4685aec044b412218, type: 3}
      propertyPath: m_LocalEulerAnglesHint.y
      value: 0
      objectReference: {fileID: 0}
    - target: {fileID: 7487236060334165795, guid: 88acc80279aa18c4685aec044b412218, type: 3}
      propertyPath: m_LocalEulerAnglesHint.z
      value: 0
      objectReference: {fileID: 0}
    m_RemovedComponents: []
  m_SourcePrefab: {fileID: 100100000, guid: 88acc80279aa18c4685aec044b412218, type: 3}
--- !u!4 &2912562641860079575 stripped
Transform:
  m_CorrespondingSourceObject: {fileID: 7487236060334165795, guid: 88acc80279aa18c4685aec044b412218, type: 3}
  m_PrefabInstance: {fileID: 5729565870755291380}
  m_PrefabAsset: {fileID: 0}
--- !u!1001 &6041216283636957512
PrefabInstance:
  m_ObjectHideFlags: 0
  serializedVersion: 2
  m_Modification:
    m_TransformParent: {fileID: 3827199177276581063}
    m_Modifications:
    - target: {fileID: 4464880455357365502, guid: 88acc80279aa18c4685aec044b412218, type: 3}
      propertyPath: m_Name
      value: Room_Lvl_1_Wall (32)
      objectReference: {fileID: 0}
    - target: {fileID: 7487236060334165795, guid: 88acc80279aa18c4685aec044b412218, type: 3}
      propertyPath: m_RootOrder
      value: 21
      objectReference: {fileID: 0}
    - target: {fileID: 7487236060334165795, guid: 88acc80279aa18c4685aec044b412218, type: 3}
      propertyPath: m_LocalScale.z
      value: 0.5999999
      objectReference: {fileID: 0}
    - target: {fileID: 7487236060334165795, guid: 88acc80279aa18c4685aec044b412218, type: 3}
      propertyPath: m_LocalPosition.x
      value: 1.3518577
      objectReference: {fileID: 0}
    - target: {fileID: 7487236060334165795, guid: 88acc80279aa18c4685aec044b412218, type: 3}
      propertyPath: m_LocalPosition.y
      value: 0.21273136
      objectReference: {fileID: 0}
    - target: {fileID: 7487236060334165795, guid: 88acc80279aa18c4685aec044b412218, type: 3}
      propertyPath: m_LocalPosition.z
      value: 5.8209
      objectReference: {fileID: 0}
    - target: {fileID: 7487236060334165795, guid: 88acc80279aa18c4685aec044b412218, type: 3}
      propertyPath: m_LocalRotation.w
      value: -0.5
      objectReference: {fileID: 0}
    - target: {fileID: 7487236060334165795, guid: 88acc80279aa18c4685aec044b412218, type: 3}
      propertyPath: m_LocalRotation.x
      value: 0.49999985
      objectReference: {fileID: 0}
    - target: {fileID: 7487236060334165795, guid: 88acc80279aa18c4685aec044b412218, type: 3}
      propertyPath: m_LocalRotation.y
      value: 0.5000001
      objectReference: {fileID: 0}
    - target: {fileID: 7487236060334165795, guid: 88acc80279aa18c4685aec044b412218, type: 3}
      propertyPath: m_LocalRotation.z
      value: 0.5000001
      objectReference: {fileID: 0}
    - target: {fileID: 7487236060334165795, guid: 88acc80279aa18c4685aec044b412218, type: 3}
      propertyPath: m_LocalEulerAnglesHint.x
      value: 0
      objectReference: {fileID: 0}
    - target: {fileID: 7487236060334165795, guid: 88acc80279aa18c4685aec044b412218, type: 3}
      propertyPath: m_LocalEulerAnglesHint.y
      value: 0
      objectReference: {fileID: 0}
    - target: {fileID: 7487236060334165795, guid: 88acc80279aa18c4685aec044b412218, type: 3}
      propertyPath: m_LocalEulerAnglesHint.z
      value: 270
      objectReference: {fileID: 0}
    m_RemovedComponents: []
  m_SourcePrefab: {fileID: 100100000, guid: 88acc80279aa18c4685aec044b412218, type: 3}
--- !u!4 &3764648325887430251 stripped
Transform:
  m_CorrespondingSourceObject: {fileID: 7487236060334165795, guid: 88acc80279aa18c4685aec044b412218, type: 3}
  m_PrefabInstance: {fileID: 6041216283636957512}
  m_PrefabAsset: {fileID: 0}
--- !u!1001 &6346020347729749372
PrefabInstance:
  m_ObjectHideFlags: 0
  serializedVersion: 2
  m_Modification:
    m_TransformParent: {fileID: 3827199177276581063}
    m_Modifications:
    - target: {fileID: 1574283180815352719, guid: 65fa5693894bb6e48bedd2c3e04daf82, type: 3}
      propertyPath: m_RootOrder
      value: 22
      objectReference: {fileID: 0}
    - target: {fileID: 1574283180815352719, guid: 65fa5693894bb6e48bedd2c3e04daf82, type: 3}
      propertyPath: m_LocalScale.y
      value: 0.59999985
      objectReference: {fileID: 0}
    - target: {fileID: 1574283180815352719, guid: 65fa5693894bb6e48bedd2c3e04daf82, type: 3}
      propertyPath: m_LocalPosition.x
      value: 8.16794
      objectReference: {fileID: 0}
    - target: {fileID: 1574283180815352719, guid: 65fa5693894bb6e48bedd2c3e04daf82, type: 3}
      propertyPath: m_LocalPosition.y
      value: 0.67857265
      objectReference: {fileID: 0}
    - target: {fileID: 1574283180815352719, guid: 65fa5693894bb6e48bedd2c3e04daf82, type: 3}
      propertyPath: m_LocalPosition.z
      value: 5.882681
      objectReference: {fileID: 0}
    - target: {fileID: 1574283180815352719, guid: 65fa5693894bb6e48bedd2c3e04daf82, type: 3}
      propertyPath: m_LocalRotation.w
      value: -0.7071066
      objectReference: {fileID: 0}
    - target: {fileID: 1574283180815352719, guid: 65fa5693894bb6e48bedd2c3e04daf82, type: 3}
      propertyPath: m_LocalRotation.x
      value: -0.00000011920929
      objectReference: {fileID: 0}
    - target: {fileID: 1574283180815352719, guid: 65fa5693894bb6e48bedd2c3e04daf82, type: 3}
      propertyPath: m_LocalRotation.y
      value: 0.70710695
      objectReference: {fileID: 0}
    - target: {fileID: 1574283180815352719, guid: 65fa5693894bb6e48bedd2c3e04daf82, type: 3}
      propertyPath: m_LocalRotation.z
      value: -0
      objectReference: {fileID: 0}
    - target: {fileID: 1574283180815352719, guid: 65fa5693894bb6e48bedd2c3e04daf82, type: 3}
      propertyPath: m_LocalEulerAnglesHint.x
      value: -180
      objectReference: {fileID: 0}
    - target: {fileID: 1574283180815352719, guid: 65fa5693894bb6e48bedd2c3e04daf82, type: 3}
      propertyPath: m_LocalEulerAnglesHint.y
      value: 90
      objectReference: {fileID: 0}
    - target: {fileID: 1574283180815352719, guid: 65fa5693894bb6e48bedd2c3e04daf82, type: 3}
      propertyPath: m_LocalEulerAnglesHint.z
      value: 90
      objectReference: {fileID: 0}
    - target: {fileID: 7325642185878991516, guid: 65fa5693894bb6e48bedd2c3e04daf82, type: 3}
      propertyPath: m_Name
      value: Room_Lvl_1_Column (5)
      objectReference: {fileID: 0}
    m_RemovedComponents: []
  m_SourcePrefab: {fileID: 100100000, guid: 65fa5693894bb6e48bedd2c3e04daf82, type: 3}
--- !u!4 &5605131970612438771 stripped
Transform:
  m_CorrespondingSourceObject: {fileID: 1574283180815352719, guid: 65fa5693894bb6e48bedd2c3e04daf82, type: 3}
  m_PrefabInstance: {fileID: 6346020347729749372}
  m_PrefabAsset: {fileID: 0}
--- !u!1001 &6739317388682071760
PrefabInstance:
  m_ObjectHideFlags: 0
  serializedVersion: 2
  m_Modification:
    m_TransformParent: {fileID: 3827199177276581063}
    m_Modifications:
    - target: {fileID: 4464880455357365502, guid: 88acc80279aa18c4685aec044b412218, type: 3}
      propertyPath: m_Name
      value: Room_Lvl_1_Wall (16)
      objectReference: {fileID: 0}
    - target: {fileID: 7487236060334165795, guid: 88acc80279aa18c4685aec044b412218, type: 3}
      propertyPath: m_RootOrder
      value: 5
      objectReference: {fileID: 0}
    - target: {fileID: 7487236060334165795, guid: 88acc80279aa18c4685aec044b412218, type: 3}
      propertyPath: m_LocalScale.z
      value: 0.5999997
      objectReference: {fileID: 0}
    - target: {fileID: 7487236060334165795, guid: 88acc80279aa18c4685aec044b412218, type: 3}
      propertyPath: m_LocalPosition.x
      value: 8.105759
      objectReference: {fileID: 0}
    - target: {fileID: 7487236060334165795, guid: 88acc80279aa18c4685aec044b412218, type: 3}
      propertyPath: m_LocalPosition.y
      value: 0.2127279
      objectReference: {fileID: 0}
    - target: {fileID: 7487236060334165795, guid: 88acc80279aa18c4685aec044b412218, type: 3}
      propertyPath: m_LocalPosition.z
      value: -0.9256048
      objectReference: {fileID: 0}
    - target: {fileID: 7487236060334165795, guid: 88acc80279aa18c4685aec044b412218, type: 3}
      propertyPath: m_LocalRotation.w
      value: 0.7071068
      objectReference: {fileID: 0}
    - target: {fileID: 7487236060334165795, guid: 88acc80279aa18c4685aec044b412218, type: 3}
      propertyPath: m_LocalRotation.x
      value: -0.7071067
      objectReference: {fileID: 0}
    - target: {fileID: 7487236060334165795, guid: 88acc80279aa18c4685aec044b412218, type: 3}
      propertyPath: m_LocalRotation.y
      value: -0.00000018545173
      objectReference: {fileID: 0}
    - target: {fileID: 7487236060334165795, guid: 88acc80279aa18c4685aec044b412218, type: 3}
      propertyPath: m_LocalRotation.z
      value: -0.00000006181725
      objectReference: {fileID: 0}
    - target: {fileID: 7487236060334165795, guid: 88acc80279aa18c4685aec044b412218, type: 3}
      propertyPath: m_LocalEulerAnglesHint.x
      value: 0
      objectReference: {fileID: 0}
    - target: {fileID: 7487236060334165795, guid: 88acc80279aa18c4685aec044b412218, type: 3}
      propertyPath: m_LocalEulerAnglesHint.y
      value: 0
      objectReference: {fileID: 0}
    - target: {fileID: 7487236060334165795, guid: 88acc80279aa18c4685aec044b412218, type: 3}
      propertyPath: m_LocalEulerAnglesHint.z
      value: 0
      objectReference: {fileID: 0}
    m_RemovedComponents: []
  m_SourcePrefab: {fileID: 100100000, guid: 88acc80279aa18c4685aec044b412218, type: 3}
--- !u!4 &4210545635603284467 stripped
Transform:
  m_CorrespondingSourceObject: {fileID: 7487236060334165795, guid: 88acc80279aa18c4685aec044b412218, type: 3}
  m_PrefabInstance: {fileID: 6739317388682071760}
  m_PrefabAsset: {fileID: 0}
--- !u!1001 &6914434775255950344
PrefabInstance:
  m_ObjectHideFlags: 0
  serializedVersion: 2
  m_Modification:
    m_TransformParent: {fileID: 3827199177276581063}
    m_Modifications:
    - target: {fileID: 4464880455357365502, guid: 88acc80279aa18c4685aec044b412218, type: 3}
      propertyPath: m_Name
      value: Room_Lvl_1_Wall (13)
      objectReference: {fileID: 0}
    - target: {fileID: 7487236060334165795, guid: 88acc80279aa18c4685aec044b412218, type: 3}
      propertyPath: m_RootOrder
      value: 2
      objectReference: {fileID: 0}
    - target: {fileID: 7487236060334165795, guid: 88acc80279aa18c4685aec044b412218, type: 3}
      propertyPath: m_LocalScale.z
      value: 0.5999997
      objectReference: {fileID: 0}
    - target: {fileID: 7487236060334165795, guid: 88acc80279aa18c4685aec044b412218, type: 3}
      propertyPath: m_LocalPosition.x
      value: 8.105753
      objectReference: {fileID: 0}
    - target: {fileID: 7487236060334165795, guid: 88acc80279aa18c4685aec044b412218, type: 3}
      propertyPath: m_LocalPosition.y
      value: 0.21272767
      objectReference: {fileID: 0}
    - target: {fileID: 7487236060334165795, guid: 88acc80279aa18c4685aec044b412218, type: 3}
      propertyPath: m_LocalPosition.z
      value: 2.0759487
      objectReference: {fileID: 0}
    - target: {fileID: 7487236060334165795, guid: 88acc80279aa18c4685aec044b412218, type: 3}
      propertyPath: m_LocalRotation.w
      value: 0.7071068
      objectReference: {fileID: 0}
    - target: {fileID: 7487236060334165795, guid: 88acc80279aa18c4685aec044b412218, type: 3}
      propertyPath: m_LocalRotation.x
      value: -0.7071067
      objectReference: {fileID: 0}
    - target: {fileID: 7487236060334165795, guid: 88acc80279aa18c4685aec044b412218, type: 3}
      propertyPath: m_LocalRotation.y
      value: -0.00000018545173
      objectReference: {fileID: 0}
    - target: {fileID: 7487236060334165795, guid: 88acc80279aa18c4685aec044b412218, type: 3}
      propertyPath: m_LocalRotation.z
      value: -0.00000006181725
      objectReference: {fileID: 0}
    - target: {fileID: 7487236060334165795, guid: 88acc80279aa18c4685aec044b412218, type: 3}
      propertyPath: m_LocalEulerAnglesHint.x
      value: 0
      objectReference: {fileID: 0}
    - target: {fileID: 7487236060334165795, guid: 88acc80279aa18c4685aec044b412218, type: 3}
      propertyPath: m_LocalEulerAnglesHint.y
      value: 0
      objectReference: {fileID: 0}
    - target: {fileID: 7487236060334165795, guid: 88acc80279aa18c4685aec044b412218, type: 3}
      propertyPath: m_LocalEulerAnglesHint.z
      value: 0
      objectReference: {fileID: 0}
    m_RemovedComponents: []
  m_SourcePrefab: {fileID: 100100000, guid: 88acc80279aa18c4685aec044b412218, type: 3}
--- !u!4 &4043388367470832427 stripped
Transform:
  m_CorrespondingSourceObject: {fileID: 7487236060334165795, guid: 88acc80279aa18c4685aec044b412218, type: 3}
  m_PrefabInstance: {fileID: 6914434775255950344}
  m_PrefabAsset: {fileID: 0}
--- !u!1001 &7553480771755624951
PrefabInstance:
  m_ObjectHideFlags: 0
  serializedVersion: 2
  m_Modification:
    m_TransformParent: {fileID: 3827199177276581063}
    m_Modifications:
    - target: {fileID: 1574283180815352719, guid: 65fa5693894bb6e48bedd2c3e04daf82, type: 3}
      propertyPath: m_RootOrder
      value: 16
      objectReference: {fileID: 0}
    - target: {fileID: 1574283180815352719, guid: 65fa5693894bb6e48bedd2c3e04daf82, type: 3}
      propertyPath: m_LocalScale.y
      value: 0.5999998
      objectReference: {fileID: 0}
    - target: {fileID: 1574283180815352719, guid: 65fa5693894bb6e48bedd2c3e04daf82, type: 3}
      propertyPath: m_LocalPosition.x
      value: -3.4629917
      objectReference: {fileID: 0}
    - target: {fileID: 1574283180815352719, guid: 65fa5693894bb6e48bedd2c3e04daf82, type: 3}
      propertyPath: m_LocalPosition.y
      value: 0.67857647
      objectReference: {fileID: 0}
    - target: {fileID: 1574283180815352719, guid: 65fa5693894bb6e48bedd2c3e04daf82, type: 3}
      propertyPath: m_LocalPosition.z
      value: 5.883726
      objectReference: {fileID: 0}
    - target: {fileID: 1574283180815352719, guid: 65fa5693894bb6e48bedd2c3e04daf82, type: 3}
      propertyPath: m_LocalRotation.w
      value: 0.00000017484558
      objectReference: {fileID: 0}
    - target: {fileID: 1574283180815352719, guid: 65fa5693894bb6e48bedd2c3e04daf82, type: 3}
      propertyPath: m_LocalRotation.x
      value: -0.000000087422784
      objectReference: {fileID: 0}
    - target: {fileID: 1574283180815352719, guid: 65fa5693894bb6e48bedd2c3e04daf82, type: 3}
      propertyPath: m_LocalRotation.y
      value: 1
      objectReference: {fileID: 0}
    - target: {fileID: 1574283180815352719, guid: 65fa5693894bb6e48bedd2c3e04daf82, type: 3}
      propertyPath: m_LocalRotation.z
      value: 0.00000005960465
      objectReference: {fileID: 0}
    - target: {fileID: 1574283180815352719, guid: 65fa5693894bb6e48bedd2c3e04daf82, type: 3}
      propertyPath: m_LocalEulerAnglesHint.x
      value: -90
      objectReference: {fileID: 0}
    - target: {fileID: 1574283180815352719, guid: 65fa5693894bb6e48bedd2c3e04daf82, type: 3}
      propertyPath: m_LocalEulerAnglesHint.y
      value: 90
      objectReference: {fileID: 0}
    - target: {fileID: 1574283180815352719, guid: 65fa5693894bb6e48bedd2c3e04daf82, type: 3}
      propertyPath: m_LocalEulerAnglesHint.z
      value: 90
      objectReference: {fileID: 0}
    - target: {fileID: 7325642185878991516, guid: 65fa5693894bb6e48bedd2c3e04daf82, type: 3}
      propertyPath: m_Name
      value: Room_Lvl_1_Column (4)
      objectReference: {fileID: 0}
    m_RemovedComponents: []
  m_SourcePrefab: {fileID: 100100000, guid: 65fa5693894bb6e48bedd2c3e04daf82, type: 3}
--- !u!4 &9010472001070156408 stripped
Transform:
  m_CorrespondingSourceObject: {fileID: 1574283180815352719, guid: 65fa5693894bb6e48bedd2c3e04daf82, type: 3}
  m_PrefabInstance: {fileID: 7553480771755624951}
  m_PrefabAsset: {fileID: 0}
--- !u!1001 &7562111127671634199
PrefabInstance:
  m_ObjectHideFlags: 0
  serializedVersion: 2
  m_Modification:
    m_TransformParent: {fileID: 3827199177276581063}
    m_Modifications:
    - target: {fileID: 4464880455357365502, guid: 88acc80279aa18c4685aec044b412218, type: 3}
      propertyPath: m_Name
      value: Room_Lvl_1_Wall (37)
      objectReference: {fileID: 0}
    - target: {fileID: 7487236060334165795, guid: 88acc80279aa18c4685aec044b412218, type: 3}
      propertyPath: m_RootOrder
      value: 28
      objectReference: {fileID: 0}
    - target: {fileID: 7487236060334165795, guid: 88acc80279aa18c4685aec044b412218, type: 3}
      propertyPath: m_LocalScale.z
      value: 0.5999999
      objectReference: {fileID: 0}
    - target: {fileID: 7487236060334165795, guid: 88acc80279aa18c4685aec044b412218, type: 3}
      propertyPath: m_LocalPosition.x
      value: 7.3549824
      objectReference: {fileID: 0}
    - target: {fileID: 7487236060334165795, guid: 88acc80279aa18c4685aec044b412218, type: 3}
      propertyPath: m_LocalPosition.y
      value: 0.21273065
      objectReference: {fileID: 0}
    - target: {fileID: 7487236060334165795, guid: 88acc80279aa18c4685aec044b412218, type: 3}
      propertyPath: m_LocalPosition.z
      value: -3.6791067
      objectReference: {fileID: 0}
    - target: {fileID: 7487236060334165795, guid: 88acc80279aa18c4685aec044b412218, type: 3}
      propertyPath: m_LocalRotation.w
      value: 0.5000001
      objectReference: {fileID: 0}
    - target: {fileID: 7487236060334165795, guid: 88acc80279aa18c4685aec044b412218, type: 3}
      propertyPath: m_LocalRotation.x
      value: -0.5000001
      objectReference: {fileID: 0}
    - target: {fileID: 7487236060334165795, guid: 88acc80279aa18c4685aec044b412218, type: 3}
      propertyPath: m_LocalRotation.y
      value: 0.49999985
      objectReference: {fileID: 0}
    - target: {fileID: 7487236060334165795, guid: 88acc80279aa18c4685aec044b412218, type: 3}
      propertyPath: m_LocalRotation.z
      value: 0.5
      objectReference: {fileID: 0}
    - target: {fileID: 7487236060334165795, guid: 88acc80279aa18c4685aec044b412218, type: 3}
      propertyPath: m_LocalEulerAnglesHint.x
      value: 0
      objectReference: {fileID: 0}
    - target: {fileID: 7487236060334165795, guid: 88acc80279aa18c4685aec044b412218, type: 3}
      propertyPath: m_LocalEulerAnglesHint.y
      value: 0
      objectReference: {fileID: 0}
    - target: {fileID: 7487236060334165795, guid: 88acc80279aa18c4685aec044b412218, type: 3}
      propertyPath: m_LocalEulerAnglesHint.z
      value: 90
      objectReference: {fileID: 0}
    m_RemovedComponents: []
  m_SourcePrefab: {fileID: 100100000, guid: 88acc80279aa18c4685aec044b412218, type: 3}
--- !u!4 &1088188333606303284 stripped
Transform:
  m_CorrespondingSourceObject: {fileID: 7487236060334165795, guid: 88acc80279aa18c4685aec044b412218, type: 3}
  m_PrefabInstance: {fileID: 7562111127671634199}
  m_PrefabAsset: {fileID: 0}
--- !u!1001 &7902261078056039725
PrefabInstance:
  m_ObjectHideFlags: 0
  serializedVersion: 2
  m_Modification:
    m_TransformParent: {fileID: 3827199177276581063}
    m_Modifications:
    - target: {fileID: 4464880455357365502, guid: 88acc80279aa18c4685aec044b412218, type: 3}
      propertyPath: m_Name
      value: Room_Lvl_1_Wall (28)
      objectReference: {fileID: 0}
    - target: {fileID: 7487236060334165795, guid: 88acc80279aa18c4685aec044b412218, type: 3}
      propertyPath: m_RootOrder
      value: 17
      objectReference: {fileID: 0}
    - target: {fileID: 7487236060334165795, guid: 88acc80279aa18c4685aec044b412218, type: 3}
      propertyPath: m_LocalScale.z
      value: 0.5999999
      objectReference: {fileID: 0}
    - target: {fileID: 7487236060334165795, guid: 88acc80279aa18c4685aec044b412218, type: 3}
      propertyPath: m_LocalPosition.x
      value: -2.6502461
      objectReference: {fileID: 0}
    - target: {fileID: 7487236060334165795, guid: 88acc80279aa18c4685aec044b412218, type: 3}
      propertyPath: m_LocalPosition.y
      value: 0.21273112
      objectReference: {fileID: 0}
    - target: {fileID: 7487236060334165795, guid: 88acc80279aa18c4685aec044b412218, type: 3}
      propertyPath: m_LocalPosition.z
      value: 5.8208923
      objectReference: {fileID: 0}
    - target: {fileID: 7487236060334165795, guid: 88acc80279aa18c4685aec044b412218, type: 3}
      propertyPath: m_LocalRotation.w
      value: -0.5
      objectReference: {fileID: 0}
    - target: {fileID: 7487236060334165795, guid: 88acc80279aa18c4685aec044b412218, type: 3}
      propertyPath: m_LocalRotation.x
      value: 0.49999985
      objectReference: {fileID: 0}
    - target: {fileID: 7487236060334165795, guid: 88acc80279aa18c4685aec044b412218, type: 3}
      propertyPath: m_LocalRotation.y
      value: 0.5000001
      objectReference: {fileID: 0}
    - target: {fileID: 7487236060334165795, guid: 88acc80279aa18c4685aec044b412218, type: 3}
      propertyPath: m_LocalRotation.z
      value: 0.5000001
      objectReference: {fileID: 0}
    - target: {fileID: 7487236060334165795, guid: 88acc80279aa18c4685aec044b412218, type: 3}
      propertyPath: m_LocalEulerAnglesHint.x
      value: 0
      objectReference: {fileID: 0}
    - target: {fileID: 7487236060334165795, guid: 88acc80279aa18c4685aec044b412218, type: 3}
      propertyPath: m_LocalEulerAnglesHint.y
      value: 0
      objectReference: {fileID: 0}
    - target: {fileID: 7487236060334165795, guid: 88acc80279aa18c4685aec044b412218, type: 3}
      propertyPath: m_LocalEulerAnglesHint.z
      value: 270
      objectReference: {fileID: 0}
    m_RemovedComponents: []
  m_SourcePrefab: {fileID: 100100000, guid: 88acc80279aa18c4685aec044b412218, type: 3}
--- !u!4 &739286407098038798 stripped
Transform:
  m_CorrespondingSourceObject: {fileID: 7487236060334165795, guid: 88acc80279aa18c4685aec044b412218, type: 3}
  m_PrefabInstance: {fileID: 7902261078056039725}
  m_PrefabAsset: {fileID: 0}
--- !u!1001 &7911196707849979315
PrefabInstance:
  m_ObjectHideFlags: 0
  serializedVersion: 2
  m_Modification:
    m_TransformParent: {fileID: 3827199177276581063}
    m_Modifications:
    - target: {fileID: 4464880455357365502, guid: 88acc80279aa18c4685aec044b412218, type: 3}
      propertyPath: m_Name
      value: Room_Lvl_1_Wall (38)
      objectReference: {fileID: 0}
    - target: {fileID: 7487236060334165795, guid: 88acc80279aa18c4685aec044b412218, type: 3}
      propertyPath: m_RootOrder
      value: 30
      objectReference: {fileID: 0}
    - target: {fileID: 7487236060334165795, guid: 88acc80279aa18c4685aec044b412218, type: 3}
      propertyPath: m_LocalScale.z
      value: 0.5999997
      objectReference: {fileID: 0}
    - target: {fileID: 7487236060334165795, guid: 88acc80279aa18c4685aec044b412218, type: 3}
      propertyPath: m_LocalPosition.x
      value: 8.105746
      objectReference: {fileID: 0}
    - target: {fileID: 7487236060334165795, guid: 88acc80279aa18c4685aec044b412218, type: 3}
      propertyPath: m_LocalPosition.y
      value: 0.21272767
      objectReference: {fileID: 0}
    - target: {fileID: 7487236060334165795, guid: 88acc80279aa18c4685aec044b412218, type: 3}
      propertyPath: m_LocalPosition.z
      value: 5.077504
      objectReference: {fileID: 0}
    - target: {fileID: 7487236060334165795, guid: 88acc80279aa18c4685aec044b412218, type: 3}
      propertyPath: m_LocalRotation.w
      value: 0.7071068
      objectReference: {fileID: 0}
    - target: {fileID: 7487236060334165795, guid: 88acc80279aa18c4685aec044b412218, type: 3}
      propertyPath: m_LocalRotation.x
      value: -0.7071067
      objectReference: {fileID: 0}
    - target: {fileID: 7487236060334165795, guid: 88acc80279aa18c4685aec044b412218, type: 3}
      propertyPath: m_LocalRotation.y
      value: -0.00000018545173
      objectReference: {fileID: 0}
    - target: {fileID: 7487236060334165795, guid: 88acc80279aa18c4685aec044b412218, type: 3}
      propertyPath: m_LocalRotation.z
      value: -0.00000006181725
      objectReference: {fileID: 0}
    - target: {fileID: 7487236060334165795, guid: 88acc80279aa18c4685aec044b412218, type: 3}
      propertyPath: m_LocalEulerAnglesHint.x
      value: 0
      objectReference: {fileID: 0}
    - target: {fileID: 7487236060334165795, guid: 88acc80279aa18c4685aec044b412218, type: 3}
      propertyPath: m_LocalEulerAnglesHint.y
      value: 0
      objectReference: {fileID: 0}
    - target: {fileID: 7487236060334165795, guid: 88acc80279aa18c4685aec044b412218, type: 3}
      propertyPath: m_LocalEulerAnglesHint.z
      value: 0
      objectReference: {fileID: 0}
    m_RemovedComponents: []
  m_SourcePrefab: {fileID: 100100000, guid: 88acc80279aa18c4685aec044b412218, type: 3}
--- !u!4 &730206539408067216 stripped
Transform:
  m_CorrespondingSourceObject: {fileID: 7487236060334165795, guid: 88acc80279aa18c4685aec044b412218, type: 3}
  m_PrefabInstance: {fileID: 7911196707849979315}
  m_PrefabAsset: {fileID: 0}
--- !u!1001 &7922615127008195066
PrefabInstance:
  m_ObjectHideFlags: 0
  serializedVersion: 2
  m_Modification:
    m_TransformParent: {fileID: 3827199177276581063}
    m_Modifications:
    - target: {fileID: 4464880455357365502, guid: 88acc80279aa18c4685aec044b412218, type: 3}
      propertyPath: m_Name
      value: Room_Lvl_1_Wall (36)
      objectReference: {fileID: 0}
    - target: {fileID: 7487236060334165795, guid: 88acc80279aa18c4685aec044b412218, type: 3}
      propertyPath: m_RootOrder
      value: 26
      objectReference: {fileID: 0}
    - target: {fileID: 7487236060334165795, guid: 88acc80279aa18c4685aec044b412218, type: 3}
      propertyPath: m_LocalScale.z
      value: 0.5999999
      objectReference: {fileID: 0}
    - target: {fileID: 7487236060334165795, guid: 88acc80279aa18c4685aec044b412218, type: 3}
      propertyPath: m_LocalPosition.x
      value: 7.355006
      objectReference: {fileID: 0}
    - target: {fileID: 7487236060334165795, guid: 88acc80279aa18c4685aec044b412218, type: 3}
      propertyPath: m_LocalPosition.y
      value: 0.21273136
      objectReference: {fileID: 0}
    - target: {fileID: 7487236060334165795, guid: 88acc80279aa18c4685aec044b412218, type: 3}
      propertyPath: m_LocalPosition.z
      value: 5.8209114
      objectReference: {fileID: 0}
    - target: {fileID: 7487236060334165795, guid: 88acc80279aa18c4685aec044b412218, type: 3}
      propertyPath: m_LocalRotation.w
      value: -0.5
      objectReference: {fileID: 0}
    - target: {fileID: 7487236060334165795, guid: 88acc80279aa18c4685aec044b412218, type: 3}
      propertyPath: m_LocalRotation.x
      value: 0.49999985
      objectReference: {fileID: 0}
    - target: {fileID: 7487236060334165795, guid: 88acc80279aa18c4685aec044b412218, type: 3}
      propertyPath: m_LocalRotation.y
      value: 0.5000001
      objectReference: {fileID: 0}
    - target: {fileID: 7487236060334165795, guid: 88acc80279aa18c4685aec044b412218, type: 3}
      propertyPath: m_LocalRotation.z
      value: 0.5000001
      objectReference: {fileID: 0}
    - target: {fileID: 7487236060334165795, guid: 88acc80279aa18c4685aec044b412218, type: 3}
      propertyPath: m_LocalEulerAnglesHint.x
      value: 0
      objectReference: {fileID: 0}
    - target: {fileID: 7487236060334165795, guid: 88acc80279aa18c4685aec044b412218, type: 3}
      propertyPath: m_LocalEulerAnglesHint.y
      value: 0
      objectReference: {fileID: 0}
    - target: {fileID: 7487236060334165795, guid: 88acc80279aa18c4685aec044b412218, type: 3}
      propertyPath: m_LocalEulerAnglesHint.z
      value: 270
      objectReference: {fileID: 0}
    m_RemovedComponents: []
  m_SourcePrefab: {fileID: 100100000, guid: 88acc80279aa18c4685aec044b412218, type: 3}
--- !u!4 &728116375767432921 stripped
Transform:
  m_CorrespondingSourceObject: {fileID: 7487236060334165795, guid: 88acc80279aa18c4685aec044b412218, type: 3}
  m_PrefabInstance: {fileID: 7922615127008195066}
  m_PrefabAsset: {fileID: 0}
--- !u!1001 &8022192306796171569
PrefabInstance:
  m_ObjectHideFlags: 0
  serializedVersion: 2
  m_Modification:
    m_TransformParent: {fileID: 3827199177276581063}
    m_Modifications:
    - target: {fileID: 4464880455357365502, guid: 88acc80279aa18c4685aec044b412218, type: 3}
      propertyPath: m_Name
      value: Room_Lvl_1_Wall (12)
      objectReference: {fileID: 0}
    - target: {fileID: 7487236060334165795, guid: 88acc80279aa18c4685aec044b412218, type: 3}
      propertyPath: m_RootOrder
      value: 1
      objectReference: {fileID: 0}
    - target: {fileID: 7487236060334165795, guid: 88acc80279aa18c4685aec044b412218, type: 3}
      propertyPath: m_LocalScale.z
      value: 0.5999997
      objectReference: {fileID: 0}
    - target: {fileID: 7487236060334165795, guid: 88acc80279aa18c4685aec044b412218, type: 3}
      propertyPath: m_LocalPosition.x
      value: 8.10575
      objectReference: {fileID: 0}
    - target: {fileID: 7487236060334165795, guid: 88acc80279aa18c4685aec044b412218, type: 3}
      propertyPath: m_LocalPosition.y
      value: 0.21272767
      objectReference: {fileID: 0}
    - target: {fileID: 7487236060334165795, guid: 88acc80279aa18c4685aec044b412218, type: 3}
      propertyPath: m_LocalPosition.z
      value: 3.0764666
      objectReference: {fileID: 0}
    - target: {fileID: 7487236060334165795, guid: 88acc80279aa18c4685aec044b412218, type: 3}
      propertyPath: m_LocalRotation.w
      value: 0.7071068
      objectReference: {fileID: 0}
    - target: {fileID: 7487236060334165795, guid: 88acc80279aa18c4685aec044b412218, type: 3}
      propertyPath: m_LocalRotation.x
      value: -0.7071067
      objectReference: {fileID: 0}
    - target: {fileID: 7487236060334165795, guid: 88acc80279aa18c4685aec044b412218, type: 3}
      propertyPath: m_LocalRotation.y
      value: -0.00000018545173
      objectReference: {fileID: 0}
    - target: {fileID: 7487236060334165795, guid: 88acc80279aa18c4685aec044b412218, type: 3}
      propertyPath: m_LocalRotation.z
      value: -0.00000006181725
      objectReference: {fileID: 0}
    - target: {fileID: 7487236060334165795, guid: 88acc80279aa18c4685aec044b412218, type: 3}
      propertyPath: m_LocalEulerAnglesHint.x
      value: 0
      objectReference: {fileID: 0}
    - target: {fileID: 7487236060334165795, guid: 88acc80279aa18c4685aec044b412218, type: 3}
      propertyPath: m_LocalEulerAnglesHint.y
      value: 0
      objectReference: {fileID: 0}
    - target: {fileID: 7487236060334165795, guid: 88acc80279aa18c4685aec044b412218, type: 3}
      propertyPath: m_LocalEulerAnglesHint.z
      value: 0
      objectReference: {fileID: 0}
    m_RemovedComponents: []
  m_SourcePrefab: {fileID: 100100000, guid: 88acc80279aa18c4685aec044b412218, type: 3}
--- !u!4 &629532947325885970 stripped
Transform:
  m_CorrespondingSourceObject: {fileID: 7487236060334165795, guid: 88acc80279aa18c4685aec044b412218, type: 3}
  m_PrefabInstance: {fileID: 8022192306796171569}
  m_PrefabAsset: {fileID: 0}
--- !u!1001 &8028779156317789896
PrefabInstance:
  m_ObjectHideFlags: 0
  serializedVersion: 2
  m_Modification:
    m_TransformParent: {fileID: 3827199177276581063}
    m_Modifications:
    - target: {fileID: 4464880455357365502, guid: 88acc80279aa18c4685aec044b412218, type: 3}
      propertyPath: m_Name
      value: Room_Lvl_1_Wall (18)
      objectReference: {fileID: 0}
    - target: {fileID: 7487236060334165795, guid: 88acc80279aa18c4685aec044b412218, type: 3}
      propertyPath: m_RootOrder
      value: 7
      objectReference: {fileID: 0}
    - target: {fileID: 7487236060334165795, guid: 88acc80279aa18c4685aec044b412218, type: 3}
      propertyPath: m_LocalScale.z
      value: 0.5999997
      objectReference: {fileID: 0}
    - target: {fileID: 7487236060334165795, guid: 88acc80279aa18c4685aec044b412218, type: 3}
      propertyPath: m_LocalPosition.x
      value: 8.105762
      objectReference: {fileID: 0}
    - target: {fileID: 7487236060334165795, guid: 88acc80279aa18c4685aec044b412218, type: 3}
      propertyPath: m_LocalPosition.y
      value: 0.2127279
      objectReference: {fileID: 0}
    - target: {fileID: 7487236060334165795, guid: 88acc80279aa18c4685aec044b412218, type: 3}
      propertyPath: m_LocalPosition.z
      value: -2.9266405
      objectReference: {fileID: 0}
    - target: {fileID: 7487236060334165795, guid: 88acc80279aa18c4685aec044b412218, type: 3}
      propertyPath: m_LocalRotation.w
      value: 0.7071068
      objectReference: {fileID: 0}
    - target: {fileID: 7487236060334165795, guid: 88acc80279aa18c4685aec044b412218, type: 3}
      propertyPath: m_LocalRotation.x
      value: -0.7071067
      objectReference: {fileID: 0}
    - target: {fileID: 7487236060334165795, guid: 88acc80279aa18c4685aec044b412218, type: 3}
      propertyPath: m_LocalRotation.y
      value: -0.00000018545173
      objectReference: {fileID: 0}
    - target: {fileID: 7487236060334165795, guid: 88acc80279aa18c4685aec044b412218, type: 3}
      propertyPath: m_LocalRotation.z
      value: -0.00000006181725
      objectReference: {fileID: 0}
    - target: {fileID: 7487236060334165795, guid: 88acc80279aa18c4685aec044b412218, type: 3}
      propertyPath: m_LocalEulerAnglesHint.x
      value: 0
      objectReference: {fileID: 0}
    - target: {fileID: 7487236060334165795, guid: 88acc80279aa18c4685aec044b412218, type: 3}
      propertyPath: m_LocalEulerAnglesHint.y
      value: 0
      objectReference: {fileID: 0}
    - target: {fileID: 7487236060334165795, guid: 88acc80279aa18c4685aec044b412218, type: 3}
      propertyPath: m_LocalEulerAnglesHint.z
      value: 0
      objectReference: {fileID: 0}
    m_RemovedComponents: []
  m_SourcePrefab: {fileID: 100100000, guid: 88acc80279aa18c4685aec044b412218, type: 3}
--- !u!4 &613604031693541867 stripped
Transform:
  m_CorrespondingSourceObject: {fileID: 7487236060334165795, guid: 88acc80279aa18c4685aec044b412218, type: 3}
  m_PrefabInstance: {fileID: 8028779156317789896}
  m_PrefabAsset: {fileID: 0}
--- !u!1001 &8524604577432154808
PrefabInstance:
  m_ObjectHideFlags: 0
  serializedVersion: 2
  m_Modification:
    m_TransformParent: {fileID: 3827199177276581063}
    m_Modifications:
    - target: {fileID: 4464880455357365502, guid: 88acc80279aa18c4685aec044b412218, type: 3}
      propertyPath: m_Name
      value: Room_Lvl_1_Wall (4)
      objectReference: {fileID: 0}
    - target: {fileID: 7487236060334165795, guid: 88acc80279aa18c4685aec044b412218, type: 3}
      propertyPath: m_RootOrder
      value: 10
      objectReference: {fileID: 0}
    - target: {fileID: 7487236060334165795, guid: 88acc80279aa18c4685aec044b412218, type: 3}
      propertyPath: m_LocalScale.z
      value: 0.5999999
      objectReference: {fileID: 0}
    - target: {fileID: 7487236060334165795, guid: 88acc80279aa18c4685aec044b412218, type: 3}
      propertyPath: m_LocalPosition.x
      value: -1.6504209
      objectReference: {fileID: 0}
    - target: {fileID: 7487236060334165795, guid: 88acc80279aa18c4685aec044b412218, type: 3}
      propertyPath: m_LocalPosition.y
      value: 0.21272802
      objectReference: {fileID: 0}
    - target: {fileID: 7487236060334165795, guid: 88acc80279aa18c4685aec044b412218, type: 3}
      propertyPath: m_LocalPosition.z
      value: -3.6762142
      objectReference: {fileID: 0}
    - target: {fileID: 7487236060334165795, guid: 88acc80279aa18c4685aec044b412218, type: 3}
      propertyPath: m_LocalRotation.w
      value: 0.5000001
      objectReference: {fileID: 0}
    - target: {fileID: 7487236060334165795, guid: 88acc80279aa18c4685aec044b412218, type: 3}
      propertyPath: m_LocalRotation.x
      value: -0.5000001
      objectReference: {fileID: 0}
    - target: {fileID: 7487236060334165795, guid: 88acc80279aa18c4685aec044b412218, type: 3}
      propertyPath: m_LocalRotation.y
      value: 0.49999985
      objectReference: {fileID: 0}
    - target: {fileID: 7487236060334165795, guid: 88acc80279aa18c4685aec044b412218, type: 3}
      propertyPath: m_LocalRotation.z
      value: 0.5
      objectReference: {fileID: 0}
    - target: {fileID: 7487236060334165795, guid: 88acc80279aa18c4685aec044b412218, type: 3}
      propertyPath: m_LocalEulerAnglesHint.x
      value: 0
      objectReference: {fileID: 0}
    - target: {fileID: 7487236060334165795, guid: 88acc80279aa18c4685aec044b412218, type: 3}
      propertyPath: m_LocalEulerAnglesHint.y
      value: 0
      objectReference: {fileID: 0}
    - target: {fileID: 7487236060334165795, guid: 88acc80279aa18c4685aec044b412218, type: 3}
      propertyPath: m_LocalEulerAnglesHint.z
      value: 90
      objectReference: {fileID: 0}
    m_RemovedComponents: []
  m_SourcePrefab: {fileID: 100100000, guid: 88acc80279aa18c4685aec044b412218, type: 3}
--- !u!4 &1271557940405714331 stripped
Transform:
  m_CorrespondingSourceObject: {fileID: 7487236060334165795, guid: 88acc80279aa18c4685aec044b412218, type: 3}
  m_PrefabInstance: {fileID: 8524604577432154808}
  m_PrefabAsset: {fileID: 0}
